%YAML 1.1
%TAG !u! tag:unity3d.com,2011:
--- !u!29 &1
OcclusionCullingSettings:
  m_ObjectHideFlags: 0
  serializedVersion: 2
  m_OcclusionBakeSettings:
    smallestOccluder: 5
    smallestHole: 0.25
    backfaceThreshold: 100
  m_SceneGUID: 00000000000000000000000000000000
  m_OcclusionCullingData: {fileID: 0}
--- !u!104 &2
RenderSettings:
  m_ObjectHideFlags: 0
  serializedVersion: 7
  m_Fog: 0
  m_FogColor: {r: 0.81523556, g: 0.7196139, b: 0.61836755, a: 0.16583636}
  m_FogMode: 2
  m_FogDensity: 0
  m_LinearFogStart: 0
  m_LinearFogEnd: 300
  m_AmbientSkyColor: {r: 0.45037502, g: 0.5239657, b: 0.5740074, a: 0.750625}
  m_AmbientEquatorColor: {r: 0.057, g: 0.0625, b: 0.0665, a: 0.5}
  m_AmbientGroundColor: {r: 0.0235, g: 0.0215, b: 0.0175, a: 0.5}
  m_AmbientIntensity: 1
  m_AmbientMode: 3
  m_SkyboxMaterial: {fileID: 948427109}
  m_HaloStrength: 0.5
  m_FlareStrength: 1
  m_FlareFadeSpeed: 3
  m_HaloTexture: {fileID: 0}
  m_SpotCookie: {fileID: 10001, guid: 0000000000000000e000000000000000, type: 0}
  m_DefaultReflectionMode: 0
  m_DefaultReflectionResolution: 128
  m_ReflectionBounces: 1
  m_ReflectionIntensity: 1
  m_CustomReflection: {fileID: 0}
  m_Sun: {fileID: 0}
  m_IndirectSpecularColor: {r: 0, g: 0, b: 0, a: 1}
--- !u!157 &4
LightmapSettings:
  m_ObjectHideFlags: 0
  serializedVersion: 7
  m_GIWorkflowMode: 1
  m_GISettings:
    serializedVersion: 2
    m_BounceScale: 1
    m_IndirectOutputScale: 1
    m_AlbedoBoost: 1
    m_TemporalCoherenceThreshold: 1
    m_EnvironmentLightingMode: 0
    m_EnableBakedLightmaps: 0
    m_EnableRealtimeLightmaps: 1
  m_LightmapEditorSettings:
    serializedVersion: 4
    m_Resolution: 2
    m_BakeResolution: 40
    m_TextureWidth: 1024
    m_TextureHeight: 1024
    m_AO: 0
    m_AOMaxDistance: 1
    m_CompAOExponent: 0
    m_CompAOExponentDirect: 0
    m_Padding: 2
    m_LightmapParameters: {fileID: 0}
    m_LightmapsBakeMode: 1
    m_TextureCompression: 1
    m_DirectLightInLightProbes: 1
    m_FinalGather: 0
    m_FinalGatherFiltering: 1
    m_FinalGatherRayCount: 1024
    m_ReflectionCompression: 2
  m_LightingDataAsset: {fileID: 112000003, guid: d7e69b840e53f0643801928f6802376c,
    type: 2}
  m_RuntimeCPUUsage: 25
--- !u!196 &5
NavMeshSettings:
  serializedVersion: 2
  m_ObjectHideFlags: 0
  m_BuildSettings:
    serializedVersion: 2
    agentTypeID: 0
    agentRadius: 0.5
    agentHeight: 2
    agentSlope: 45
    agentClimb: 0.4
    ledgeDropHeight: 0
    maxJumpAcrossDistance: 0
    minRegionArea: 2
    manualCellSize: 0
    cellSize: 0.16666667
    accuratePlacement: 0
  m_NavMeshData: {fileID: 0}
--- !u!1 &57892918
GameObject:
  m_ObjectHideFlags: 0
  m_PrefabParentObject: {fileID: 0}
  m_PrefabInternal: {fileID: 0}
  serializedVersion: 5
  m_Component:
  - component: {fileID: 57892920}
  - component: {fileID: 57892919}
  m_Layer: 0
  m_Name: WeatherZone1
  m_TagString: Untagged
  m_Icon: {fileID: 0}
  m_NavMeshLayer: 0
  m_StaticEditorFlags: 0
  m_IsActive: 0
--- !u!114 &57892919
MonoBehaviour:
  m_ObjectHideFlags: 0
  m_PrefabParentObject: {fileID: 0}
  m_PrefabInternal: {fileID: 0}
  m_GameObject: {fileID: 57892918}
  m_Enabled: 1
  m_EditorHideFlags: 0
  m_Script: {fileID: 11500000, guid: 035d386ab8da70441b712f8b82913dbb, type: 3}
  m_Name: 
  m_EditorClassIdentifier: 
  zoneName: Snow
  ExitToDefault: 1
  zoneWeather: []
  curPossibleZoneWeather: []
  zoneWeatherPresets:
  - {fileID: 11400000, guid: e745885f92615404e93cf9b7408fda9f, type: 2}
  updateMode: 0
  WeatherUpdateIntervall: 6
  zoneScale: {x: 33.34, y: 10, z: 34}
  zoneGizmoColor: {r: 0.42231235, g: 0.3455882, b: 1, a: 0.484}
  currentActiveZoneWeatherPrefab: {fileID: 0}
  currentActiveZoneWeatherPreset: {fileID: 0}
  lastActiveZoneWeatherPrefab: {fileID: 0}
  lastActiveZoneWeatherPreset: {fileID: 0}
--- !u!4 &57892920
Transform:
  m_ObjectHideFlags: 0
  m_PrefabParentObject: {fileID: 0}
  m_PrefabInternal: {fileID: 0}
  m_GameObject: {fileID: 57892918}
  m_LocalRotation: {x: 0, y: 0, z: 0, w: 1}
  m_LocalPosition: {x: 31, y: 3.95, z: 25}
  m_LocalScale: {x: 1, y: 1, z: 1}
  m_Children: []
  m_Father: {fileID: 0}
  m_RootOrder: 4
  m_LocalEulerAnglesHint: {x: 0, y: 0, z: 0}
--- !u!84 &69846058
RenderTexture:
  m_ObjectHideFlags: 0
  m_PrefabParentObject: {fileID: 0}
  m_PrefabInternal: {fileID: 0}
  m_Name: 
  m_ImageContentsHash:
    serializedVersion: 2
    Hash: 00000000000000000000000000000000
  m_Width: 384
  m_Height: 216
  m_AntiAliasing: 1
  m_DepthFormat: 1
  m_ColorFormat: 9
  m_MipMap: 0
  m_GenerateMips: 1
  m_SRGB: 1
  m_TextureSettings:
    m_FilterMode: 1
    m_Aniso: 1
    m_MipBias: 0
    m_WrapMode: 1
--- !u!1 &76461753
GameObject:
  m_ObjectHideFlags: 0
  m_PrefabParentObject: {fileID: 0}
  m_PrefabInternal: {fileID: 0}
  serializedVersion: 5
  m_Component:
  - component: {fileID: 76461754}
  - component: {fileID: 76461755}
  m_Layer: 0
  m_Name: Collider
  m_TagString: Untagged
  m_Icon: {fileID: 0}
  m_NavMeshLayer: 0
  m_StaticEditorFlags: 4294967295
  m_IsActive: 1
--- !u!4 &76461754
Transform:
  m_ObjectHideFlags: 0
  m_PrefabParentObject: {fileID: 0}
  m_PrefabInternal: {fileID: 0}
  m_GameObject: {fileID: 76461753}
  m_LocalRotation: {x: 0, y: 0, z: 0, w: 1}
  m_LocalPosition: {x: 0, y: 0.32, z: 0}
  m_LocalScale: {x: 1, y: 1, z: 1}
  m_Children: []
  m_Father: {fileID: 644829103}
  m_RootOrder: 0
  m_LocalEulerAnglesHint: {x: 0, y: 0, z: 0}
--- !u!65 &76461755
BoxCollider:
  m_ObjectHideFlags: 0
  m_PrefabParentObject: {fileID: 0}
  m_PrefabInternal: {fileID: 0}
  m_GameObject: {fileID: 76461753}
  m_Material: {fileID: 0}
  m_IsTrigger: 0
  m_Enabled: 1
  serializedVersion: 2
  m_Size: {x: 10, y: 0.1, z: 10}
  m_Center: {x: 0, y: 0, z: 0}
--- !u!1 &111966842
GameObject:
  m_ObjectHideFlags: 0
  m_PrefabParentObject: {fileID: 0}
  m_PrefabInternal: {fileID: 0}
  serializedVersion: 5
  m_Component:
  - component: {fileID: 111966843}
  - component: {fileID: 111966845}
  - component: {fileID: 111966844}
  m_Layer: 0
  m_Name: AudioSourceWeather1
  m_TagString: Untagged
  m_Icon: {fileID: 0}
  m_NavMeshLayer: 0
  m_StaticEditorFlags: 0
  m_IsActive: 1
--- !u!4 &111966843
Transform:
  m_ObjectHideFlags: 0
  m_PrefabParentObject: {fileID: 0}
  m_PrefabInternal: {fileID: 0}
  m_GameObject: {fileID: 111966842}
  m_LocalRotation: {x: 0, y: 0, z: 0, w: 1}
  m_LocalPosition: {x: 0, y: 0, z: 0}
  m_LocalScale: {x: 1, y: 1, z: 1}
  m_Children: []
  m_Father: {fileID: 159999072}
  m_RootOrder: 0
  m_LocalEulerAnglesHint: {x: 179.999, y: 179.999, z: 179.999}
--- !u!114 &111966844
MonoBehaviour:
  m_ObjectHideFlags: 0
  m_PrefabParentObject: {fileID: 0}
  m_PrefabInternal: {fileID: 0}
  m_GameObject: {fileID: 111966842}
  m_Enabled: 1
  m_EditorHideFlags: 0
  m_Script: {fileID: 11500000, guid: a1b2448d7ad76ff46bab248a00cec2dc, type: 3}
  m_Name: 
  m_EditorClassIdentifier: 
  myFunction: 0
  audiosrc: {fileID: 111966845}
  isFadingIn: 0
  isFadingOut: 0
--- !u!82 &111966845
AudioSource:
  m_ObjectHideFlags: 0
  m_PrefabParentObject: {fileID: 0}
  m_PrefabInternal: {fileID: 0}
  m_GameObject: {fileID: 111966842}
  m_Enabled: 1
  serializedVersion: 4
  OutputAudioMixerGroup: {fileID: 0}
  m_audioClip: {fileID: 0}
  m_PlayOnAwake: 0
  m_Volume: 1
  m_Pitch: 1
  Loop: 1
  Mute: 0
  Spatialize: 0
  SpatializePostEffects: 0
  Priority: 128
  DopplerLevel: 1
  MinDistance: 1
  MaxDistance: 500
  Pan2D: 0
  rolloffMode: 0
  BypassEffects: 0
  BypassListenerEffects: 0
  BypassReverbZones: 0
  rolloffCustomCurve:
    serializedVersion: 2
    m_Curve:
    - serializedVersion: 2
      time: 0
      value: 1
      inSlope: 0
      outSlope: 0
      tangentMode: 0
    - serializedVersion: 2
      time: 1
      value: 0
      inSlope: 0
      outSlope: 0
      tangentMode: 0
    m_PreInfinity: 2
    m_PostInfinity: 2
    m_RotationOrder: 4
  panLevelCustomCurve:
    serializedVersion: 2
    m_Curve:
    - serializedVersion: 2
      time: 0
      value: 0
      inSlope: 0
      outSlope: 0
      tangentMode: 0
    m_PreInfinity: 2
    m_PostInfinity: 2
    m_RotationOrder: 0
  spreadCustomCurve:
    serializedVersion: 2
    m_Curve:
    - serializedVersion: 2
      time: 0
      value: 0
      inSlope: 0
      outSlope: 0
      tangentMode: 0
    m_PreInfinity: 2
    m_PostInfinity: 2
    m_RotationOrder: 0
  reverbZoneMixCustomCurve:
    serializedVersion: 2
    m_Curve:
    - serializedVersion: 2
      time: 0
      value: 1
      inSlope: 0
      outSlope: 0
      tangentMode: 0
    m_PreInfinity: 2
    m_PostInfinity: 2
    m_RotationOrder: 0
--- !u!1 &159999071
GameObject:
  m_ObjectHideFlags: 0
  m_PrefabParentObject: {fileID: 0}
  m_PrefabInternal: {fileID: 0}
  serializedVersion: 5
  m_Component:
  - component: {fileID: 159999072}
  m_Layer: 0
  m_Name: SFX Holder(Clone)
  m_TagString: Untagged
  m_Icon: {fileID: 0}
  m_NavMeshLayer: 0
  m_StaticEditorFlags: 0
  m_IsActive: 1
--- !u!4 &159999072
Transform:
  m_ObjectHideFlags: 0
  m_PrefabParentObject: {fileID: 0}
  m_PrefabInternal: {fileID: 0}
  m_GameObject: {fileID: 159999071}
  m_LocalRotation: {x: -0, y: -0, z: -0, w: 1}
  m_LocalPosition: {x: -27.6, y: -1, z: 27.7}
  m_LocalScale: {x: 1, y: 1, z: 1}
  m_Children:
  - {fileID: 111966843}
  - {fileID: 856048574}
  - {fileID: 522270998}
  - {fileID: 1258853445}
  - {fileID: 1767606424}
  m_Father: {fileID: 1553859263}
  m_RootOrder: 1
  m_LocalEulerAnglesHint: {x: 0, y: 0, z: 0}
--- !u!20 &185389478
Camera:
  m_ObjectHideFlags: 0
  m_PrefabParentObject: {fileID: 2049700, guid: 519709257d0cba442b295759100ed59b,
    type: 2}
  m_PrefabInternal: {fileID: 0}
  m_GameObject: {fileID: 458096087}
  m_Enabled: 1
  serializedVersion: 2
  m_ClearFlags: 1
  m_BackGroundColor: {r: 0, g: 0, b: 0, a: 1}
  m_NormalizedViewPortRect:
    serializedVersion: 2
    x: 0
    y: 0
    width: 1
    height: 1
  near clip plane: 0.1
  far clip plane: 2000
  field of view: 60
  orthographic: 0
  orthographic size: 5
  m_Depth: 0
  m_CullingMask:
    serializedVersion: 2
    m_Bits: 536805375
  m_RenderingPath: 1
  m_TargetTexture: {fileID: 0}
  m_TargetDisplay: 0
  m_TargetEye: 3
  m_HDR: 1
  m_OcclusionCulling: 1
  m_StereoConvergence: 10
  m_StereoSeparation: 0.022
  m_StereoMirrorMode: 0
--- !u!1 &299426366
GameObject:
  m_ObjectHideFlags: 0
  m_PrefabParentObject: {fileID: 0}
  m_PrefabInternal: {fileID: 0}
  serializedVersion: 5
  m_Component:
  - component: {fileID: 299426370}
  - component: {fileID: 299426369}
  - component: {fileID: 299426368}
  - component: {fileID: 299426367}
  - component: {fileID: 299426371}
  - component: {fileID: 299426372}
  m_Layer: 0
  m_Name: Plane
  m_TagString: Untagged
  m_Icon: {fileID: 0}
  m_NavMeshLayer: 0
  m_StaticEditorFlags: 4294967295
  m_IsActive: 1
--- !u!23 &299426367
MeshRenderer:
  m_ObjectHideFlags: 0
  m_PrefabParentObject: {fileID: 0}
  m_PrefabInternal: {fileID: 0}
  m_GameObject: {fileID: 299426366}
  m_Enabled: 1
  m_CastShadows: 1
  m_ReceiveShadows: 1
  m_MotionVectors: 1
  m_LightProbeUsage: 1
  m_ReflectionProbeUsage: 1
  m_Materials:
  - {fileID: 2100000, guid: 438bf96233020ed4e894dff942653031, type: 2}
  m_StaticBatchInfo:
    firstSubMesh: 0
    subMeshCount: 0
  m_StaticBatchRoot: {fileID: 0}
  m_ProbeAnchor: {fileID: 0}
  m_LightProbeVolumeOverride: {fileID: 0}
  m_ScaleInLightmap: 1
  m_PreserveUVs: 1
  m_IgnoreNormalsForChartDetection: 0
  m_ImportantGI: 0
  m_SelectedEditorRenderState: 3
  m_MinimumChartSize: 4
  m_AutoUVMaxDistance: 0.5
  m_AutoUVMaxAngle: 89
  m_LightmapParameters: {fileID: 0}
  m_SortingLayerID: 0
  m_SortingOrder: 0
--- !u!64 &299426368
MeshCollider:
  m_ObjectHideFlags: 0
  m_PrefabParentObject: {fileID: 0}
  m_PrefabInternal: {fileID: 0}
  m_GameObject: {fileID: 299426366}
  m_Material: {fileID: 0}
  m_IsTrigger: 0
  m_Enabled: 1
  serializedVersion: 2
  m_Convex: 0
  m_InflateMesh: 0
  m_SkinWidth: 0.01
  m_Mesh: {fileID: 10209, guid: 0000000000000000e000000000000000, type: 0}
--- !u!33 &299426369
MeshFilter:
  m_ObjectHideFlags: 0
  m_PrefabParentObject: {fileID: 0}
  m_PrefabInternal: {fileID: 0}
  m_GameObject: {fileID: 299426366}
  m_Mesh: {fileID: 10209, guid: 0000000000000000e000000000000000, type: 0}
--- !u!4 &299426370
Transform:
  m_ObjectHideFlags: 0
  m_PrefabParentObject: {fileID: 0}
  m_PrefabInternal: {fileID: 0}
  m_GameObject: {fileID: 299426366}
  m_LocalRotation: {x: 0.5, y: -0.5, z: 0.5000001, w: 0.49999994}
  m_LocalPosition: {x: 39.08, y: 0.1, z: 1.5}
  m_LocalScale: {x: 10, y: 1, z: 0.5}
  m_Children: []
  m_Father: {fileID: 1360959884}
  m_RootOrder: 1
  m_LocalEulerAnglesHint: {x: 90, y: -90, z: 0}
--- !u!114 &299426371
MonoBehaviour:
  m_ObjectHideFlags: 0
  m_PrefabParentObject: {fileID: 0}
  m_PrefabInternal: {fileID: 0}
  m_GameObject: {fileID: 299426366}
  m_Enabled: 1
  m_EditorHideFlags: 0
  m_Script: {fileID: 11500000, guid: 8c9113d9fa48c7c429bb9cff0aae17e6, type: 3}
  m_Name: 
  m_EditorClassIdentifier: 
  SpringMaterial: {fileID: 2100000, guid: 438bf96233020ed4e894dff942653031, type: 2}
  SummerMaterial: {fileID: 2100000, guid: 438bf96233020ed4e894dff942653031, type: 2}
  AutumnMaterial: {fileID: 2100000, guid: b0c6dc6d96d53274bb1a3f1f09ee0437, type: 2}
  WinterMaterial: {fileID: 2100000, guid: 362ec58e33918ca449f62bc09237eb91, type: 2}
--- !u!114 &299426372
MonoBehaviour:
  m_ObjectHideFlags: 0
  m_PrefabParentObject: {fileID: 0}
  m_PrefabInternal: {fileID: 0}
  m_GameObject: {fileID: 299426366}
  m_Enabled: 1
  m_EditorHideFlags: 0
  m_Script: {fileID: 11500000, guid: 165475b02beb5684cb9a61d697e50f04, type: 3}
  m_Name: 
  m_EditorClassIdentifier: 
  isRaining: 0
  mRenderer: {fileID: 299426367}
  useRipples: 0
  RippleFrames: []
  RippleAnimationSpeed: 30
  useWaveAnimation: 1
  waveSpeed: {x: 0, y: 0.1}
--- !u!1 &333456874
GameObject:
  m_ObjectHideFlags: 0
  m_PrefabParentObject: {fileID: 0}
  m_PrefabInternal: {fileID: 0}
  serializedVersion: 5
  m_Component:
  - component: {fileID: 333456877}
  - component: {fileID: 333456876}
  - component: {fileID: 333456875}
  m_Layer: 0
  m_Name: Trigger 0
  m_TagString: Untagged
  m_Icon: {fileID: 0}
  m_NavMeshLayer: 0
  m_StaticEditorFlags: 0
  m_IsActive: 1
--- !u!114 &333456875
MonoBehaviour:
  m_ObjectHideFlags: 0
  m_PrefabParentObject: {fileID: 0}
  m_PrefabInternal: {fileID: 0}
  m_GameObject: {fileID: 333456874}
  m_Enabled: 1
  m_EditorHideFlags: 0
  m_Script: {fileID: 11500000, guid: 0d122156f9bf9c1419c192a5dee9b873, type: 3}
  m_Name: 
  m_EditorClassIdentifier: 
  myZone: {fileID: 1127351220}
  Name: First Trigger
--- !u!65 &333456876
BoxCollider:
  m_ObjectHideFlags: 0
  m_PrefabParentObject: {fileID: 0}
  m_PrefabInternal: {fileID: 0}
  m_GameObject: {fileID: 333456874}
  m_Material: {fileID: 0}
  m_IsTrigger: 1
  m_Enabled: 1
  serializedVersion: 2
  m_Size: {x: 22.47, y: 13.76, z: 0.47}
  m_Center: {x: 0, y: 0, z: 0}
--- !u!4 &333456877
Transform:
  m_ObjectHideFlags: 0
  m_PrefabParentObject: {fileID: 0}
  m_PrefabInternal: {fileID: 0}
  m_GameObject: {fileID: 333456874}
  m_LocalRotation: {x: 0, y: 0, z: 0, w: 1}
  m_LocalPosition: {x: 0, y: 3.42, z: 0}
  m_LocalScale: {x: 1, y: 1, z: 1}
  m_Children: []
  m_Father: {fileID: 1127351221}
  m_RootOrder: 0
  m_LocalEulerAnglesHint: {x: 0, y: 0, z: 0}
--- !u!84 &359719850
RenderTexture:
  m_ObjectHideFlags: 0
  m_PrefabParentObject: {fileID: 0}
  m_PrefabInternal: {fileID: 0}
  m_Name: 
  m_ImageContentsHash:
    serializedVersion: 2
    Hash: 00000000000000000000000000000000
  m_Width: 1920
  m_Height: 1080
  m_AntiAliasing: 1
  m_DepthFormat: 1
  m_ColorFormat: 9
  m_MipMap: 0
  m_GenerateMips: 1
  m_SRGB: 1
  m_TextureSettings:
    m_FilterMode: 1
    m_Aniso: 1
    m_MipBias: 0
    m_WrapMode: 1
--- !u!21 &380179238
Material:
  serializedVersion: 6
  m_ObjectHideFlags: 0
  m_PrefabParentObject: {fileID: 0}
  m_PrefabInternal: {fileID: 0}
  m_Name: Enviro/Effects/ClearLightShafts
  m_Shader: {fileID: 4800000, guid: 0408b30ac8046be4a9d860508e546f6f, type: 3}
  m_ShaderKeywords: 
  m_LightmapFlags: 5
  m_CustomRenderQueue: -1
  stringTagMap: {}
  m_SavedProperties:
    serializedVersion: 2
    m_TexEnvs:
    - first:
        name: _MainTex
      second:
        m_Texture: {fileID: 0}
        m_Scale: {x: 1, y: 1}
        m_Offset: {x: 0, y: 0}
    m_Floats: []
    m_Colors: []
--- !u!1001 &392237401
Prefab:
  m_ObjectHideFlags: 0
  serializedVersion: 2
  m_Modification:
    m_TransformParent: {fileID: 0}
    m_Modifications:
    - target: {fileID: 4000010348474122, guid: 9d3370edc4a7463459f45975fadf905a, type: 2}
      propertyPath: m_LocalPosition.x
      value: 27.6
      objectReference: {fileID: 0}
    - target: {fileID: 4000010348474122, guid: 9d3370edc4a7463459f45975fadf905a, type: 2}
      propertyPath: m_LocalPosition.y
      value: 1
      objectReference: {fileID: 0}
    - target: {fileID: 4000010348474122, guid: 9d3370edc4a7463459f45975fadf905a, type: 2}
      propertyPath: m_LocalPosition.z
      value: -27.7
      objectReference: {fileID: 0}
    - target: {fileID: 4000010348474122, guid: 9d3370edc4a7463459f45975fadf905a, type: 2}
      propertyPath: m_LocalRotation.x
      value: 0
      objectReference: {fileID: 0}
    - target: {fileID: 4000010348474122, guid: 9d3370edc4a7463459f45975fadf905a, type: 2}
      propertyPath: m_LocalRotation.y
      value: 0
      objectReference: {fileID: 0}
    - target: {fileID: 4000010348474122, guid: 9d3370edc4a7463459f45975fadf905a, type: 2}
      propertyPath: m_LocalRotation.z
      value: 0
      objectReference: {fileID: 0}
    - target: {fileID: 4000010348474122, guid: 9d3370edc4a7463459f45975fadf905a, type: 2}
      propertyPath: m_LocalRotation.w
      value: 1
      objectReference: {fileID: 0}
    - target: {fileID: 4000010348474122, guid: 9d3370edc4a7463459f45975fadf905a, type: 2}
      propertyPath: m_RootOrder
      value: 7
      objectReference: {fileID: 0}
    - target: {fileID: 23000010726952940, guid: 9d3370edc4a7463459f45975fadf905a,
        type: 2}
      propertyPath: m_Materials.Array.data[0]
      value: 
      objectReference: {fileID: 0}
    - target: {fileID: 20926973606103020, guid: 9d3370edc4a7463459f45975fadf905a,
        type: 2}
      propertyPath: m_TargetTexture
      value: 
      objectReference: {fileID: 518827538}
    - target: {fileID: 23448603302175598, guid: 9d3370edc4a7463459f45975fadf905a,
        type: 2}
      propertyPath: m_Materials.Array.data[0]
      value: 
      objectReference: {fileID: 669351822}
    - target: {fileID: 114000013106112400, guid: 9d3370edc4a7463459f45975fadf905a,
        type: 2}
      propertyPath: Player
      value: 
      objectReference: {fileID: 1263471490}
    - target: {fileID: 114000013106112400, guid: 9d3370edc4a7463459f45975fadf905a,
        type: 2}
      propertyPath: PlayerCamera
      value: 
      objectReference: {fileID: 185389478}
    - target: {fileID: 114000013106112400, guid: 9d3370edc4a7463459f45975fadf905a,
        type: 2}
      propertyPath: Audio.currentAmbientSource
      value: 
      objectReference: {fileID: 0}
    - target: {fileID: 114000013106112400, guid: 9d3370edc4a7463459f45975fadf905a,
        type: 2}
      propertyPath: Weather.VFXHolder
      value: 
      objectReference: {fileID: 0}
    - target: {fileID: 114000013106112400, guid: 9d3370edc4a7463459f45975fadf905a,
        type: 2}
      propertyPath: Weather.currentAudioSource
      value: 
      objectReference: {fileID: 0}
    - target: {fileID: 114000013106112400, guid: 9d3370edc4a7463459f45975fadf905a,
        type: 2}
      propertyPath: lightShaftsScriptSun
      value: 
      objectReference: {fileID: 458096093}
    - target: {fileID: 114000013106112400, guid: 9d3370edc4a7463459f45975fadf905a,
        type: 2}
      propertyPath: lightShaftsScriptMoon
      value: 
      objectReference: {fileID: 458096092}
    - target: {fileID: 114000013106112400, guid: 9d3370edc4a7463459f45975fadf905a,
        type: 2}
      propertyPath: EnviroSkyRender
      value: 
      objectReference: {fileID: 458096088}
    - target: {fileID: 114000013106112400, guid: 9d3370edc4a7463459f45975fadf905a,
        type: 2}
      propertyPath: EffectsHolder
      value: 
      objectReference: {fileID: 0}
    - target: {fileID: 114000013106112400, guid: 9d3370edc4a7463459f45975fadf905a,
        type: 2}
      propertyPath: AudioSourceWeather
      value: 
      objectReference: {fileID: 0}
    - target: {fileID: 114000013106112400, guid: 9d3370edc4a7463459f45975fadf905a,
        type: 2}
      propertyPath: AudioSourceWeather2
      value: 
      objectReference: {fileID: 0}
    - target: {fileID: 114000013106112400, guid: 9d3370edc4a7463459f45975fadf905a,
        type: 2}
      propertyPath: AudioSourceAmbient
      value: 
      objectReference: {fileID: 0}
    - target: {fileID: 114000013106112400, guid: 9d3370edc4a7463459f45975fadf905a,
        type: 2}
      propertyPath: AudioSourceAmbient2
      value: 
      objectReference: {fileID: 0}
    - target: {fileID: 114000013106112400, guid: 9d3370edc4a7463459f45975fadf905a,
        type: 2}
      propertyPath: AudioSourceThunder
      value: 
      objectReference: {fileID: 0}
    - target: {fileID: 114000013106112400, guid: 9d3370edc4a7463459f45975fadf905a,
        type: 2}
      propertyPath: cloudsRenderTarget
      value: 
      objectReference: {fileID: 69846058}
    - target: {fileID: 114000013106112400, guid: 9d3370edc4a7463459f45975fadf905a,
        type: 2}
      propertyPath: weatherMap
      value: 
      objectReference: {fileID: 418689001}
    - target: {fileID: 114000013106112400, guid: 9d3370edc4a7463459f45975fadf905a,
        type: 2}
      propertyPath: moonRenderTarget
      value: 
      objectReference: {fileID: 0}
    - target: {fileID: 114000013106112400, guid: 9d3370edc4a7463459f45975fadf905a,
        type: 2}
      propertyPath: satRenderTarget
      value: 
      objectReference: {fileID: 359719850}
    m_RemovedComponents: []
  m_ParentPrefab: {fileID: 100100000, guid: 9d3370edc4a7463459f45975fadf905a, type: 2}
  m_IsPrefabParent: 0
--- !u!4 &397330212 stripped
Transform:
  m_PrefabParentObject: {fileID: 4000011963376272, guid: 9d3370edc4a7463459f45975fadf905a,
    type: 2}
  m_PrefabInternal: {fileID: 392237401}
--- !u!84 &418689001
RenderTexture:
  m_ObjectHideFlags: 0
  m_PrefabParentObject: {fileID: 0}
  m_PrefabInternal: {fileID: 0}
  m_Name: 
  m_ImageContentsHash:
    serializedVersion: 2
    Hash: 00000000000000000000000000000000
  m_Width: 1024
  m_Height: 1024
  m_AntiAliasing: 1
  m_DepthFormat: 0
  m_ColorFormat: 0
  m_MipMap: 0
  m_GenerateMips: 1
  m_SRGB: 1
  m_TextureSettings:
    m_FilterMode: 1
    m_Aniso: 1
    m_MipBias: 0
    m_WrapMode: 0
--- !u!1 &458096087
GameObject:
  m_ObjectHideFlags: 0
  m_PrefabParentObject: {fileID: 167338, guid: 519709257d0cba442b295759100ed59b, type: 2}
  m_PrefabInternal: {fileID: 0}
  serializedVersion: 5
  m_Component:
  - component: {fileID: 458096091}
  - component: {fileID: 185389478}
  - component: {fileID: 458096090}
  - component: {fileID: 458096089}
  - component: {fileID: 458096088}
  - component: {fileID: 458096093}
  - component: {fileID: 458096092}
  - component: {fileID: 458096095}
  m_Layer: 8
  m_Name: FirstPersonCharacter
  m_TagString: MainCamera
  m_Icon: {fileID: 0}
  m_NavMeshLayer: 0
  m_StaticEditorFlags: 0
  m_IsActive: 1
--- !u!114 &458096088
MonoBehaviour:
  m_ObjectHideFlags: 0
  m_PrefabParentObject: {fileID: 0}
  m_PrefabInternal: {fileID: 0}
  m_GameObject: {fileID: 458096087}
  m_Enabled: 1
  m_EditorHideFlags: 0
  m_Script: {fileID: 11500000, guid: 25662192fc626eb47a5e9eb586e7fd50, type: 3}
  m_Name: 
  m_EditorClassIdentifier: 
  material: {fileID: 0}
  cloudsMap: {fileID: 8400000, guid: 45411690928580440a5e17fb64103e09, type: 2}
  cloudsMaterial: {fileID: 2100000, guid: 8b6061ce65c858840a521fa04a255bb2, type: 2}
  _volumeRenderingMaterial: {fileID: 0}
  DefaultSpotCookie: {fileID: 2800000, guid: d569327f9e6a94841835e2f701795322, type: 3}
  volumeLighting: 1
  dirVolumeLighting: 1
  distanceFog: 1
  useRadialDistance: 1
  heightFog: 1
  height: 25
  heightDensity: 1.000001
  startDistance: 0
--- !u!124 &458096089
Behaviour:
  m_ObjectHideFlags: 0
  m_PrefabParentObject: {fileID: 12453750, guid: 519709257d0cba442b295759100ed59b,
    type: 2}
  m_PrefabInternal: {fileID: 0}
  m_GameObject: {fileID: 458096087}
  m_Enabled: 1
--- !u!81 &458096090
AudioListener:
  m_ObjectHideFlags: 0
  m_PrefabParentObject: {fileID: 8145404, guid: 519709257d0cba442b295759100ed59b,
    type: 2}
  m_PrefabInternal: {fileID: 0}
  m_GameObject: {fileID: 458096087}
  m_Enabled: 1
--- !u!4 &458096091
Transform:
  m_ObjectHideFlags: 0
  m_PrefabParentObject: {fileID: 425146, guid: 519709257d0cba442b295759100ed59b, type: 2}
  m_PrefabInternal: {fileID: 0}
  m_GameObject: {fileID: 458096087}
  m_LocalRotation: {x: -0, y: 0.53120655, z: -0, w: 0.8472424}
  m_LocalPosition: {x: 0, y: 2, z: 0}
  m_LocalScale: {x: 1, y: 1, z: 1}
  m_Children: []
  m_Father: {fileID: 1263471491}
  m_RootOrder: 1
  m_LocalEulerAnglesHint: {x: 0, y: 0, z: 0}
--- !u!114 &458096092
MonoBehaviour:
  m_ObjectHideFlags: 0
  m_PrefabParentObject: {fileID: 0}
  m_PrefabInternal: {fileID: 0}
  m_GameObject: {fileID: 458096087}
  m_Enabled: 0
  m_EditorHideFlags: 0
  m_Script: {fileID: 11500000, guid: 7bc2158365ed6fb429515bc7eb6f8cc9, type: 3}
  m_Name: 
  m_EditorClassIdentifier: 
  resolution: 1
  screenBlendMode: 0
  sunTransform: {fileID: 1946623716}
  radialBlurIterations: 2
  sunColor: {r: 0.5803922, g: 0.65882355, b: 0.8980392, a: 1}
  sunThreshold: {r: 0.043137256, g: 0.043137256, b: 0.043137256, a: 1}
  sunShaftBlurRadius: 6
  sunShaftIntensity: 0
  maxRadius: 10
  useDepthTexture: 1
  sunShaftsShader: {fileID: 4800000, guid: 61cff5ff2f842b84cb138276a62064f6, type: 3}
  sunShaftsMaterial: {fileID: 966738082}
  simpleClearShader: {fileID: 4800000, guid: 0408b30ac8046be4a9d860508e546f6f, type: 3}
  simpleClearMaterial: {fileID: 2079750175}
--- !u!114 &458096093
MonoBehaviour:
  m_ObjectHideFlags: 0
  m_PrefabParentObject: {fileID: 0}
  m_PrefabInternal: {fileID: 0}
  m_GameObject: {fileID: 458096087}
  m_Enabled: 0
  m_EditorHideFlags: 0
  m_Script: {fileID: 11500000, guid: 7bc2158365ed6fb429515bc7eb6f8cc9, type: 3}
  m_Name: 
  m_EditorClassIdentifier: 
  resolution: 1
  screenBlendMode: 0
  sunTransform: {fileID: 397330212}
  radialBlurIterations: 2
  sunColor: {r: 1, g: 0.9764706, b: 0.92941177, a: 1}
  sunThreshold: {r: 0.7921569, g: 0.7921569, b: 0.7921569, a: 1}
  sunShaftBlurRadius: 6
  sunShaftIntensity: 0.6
  maxRadius: 10
  useDepthTexture: 1
  sunShaftsShader: {fileID: 4800000, guid: 61cff5ff2f842b84cb138276a62064f6, type: 3}
  sunShaftsMaterial: {fileID: 1833870303}
  simpleClearShader: {fileID: 4800000, guid: 0408b30ac8046be4a9d860508e546f6f, type: 3}
  simpleClearMaterial: {fileID: 380179238}
--- !u!114 &458096095
MonoBehaviour:
  m_ObjectHideFlags: 0
  m_PrefabParentObject: {fileID: 0}
  m_PrefabInternal: {fileID: 0}
  m_GameObject: {fileID: 458096087}
  m_Enabled: 1
  m_EditorHideFlags: 0
  m_Script: {fileID: 11500000, guid: ff26db721962cdf4a8edcdfa9a767d2a, type: 3}
  m_Name: 
  m_EditorClassIdentifier: 
  profile: {fileID: 11400000, guid: e955f2330dfd56842bfd9204c885ec75, type: 2}
--- !u!84 &518827538
RenderTexture:
  m_ObjectHideFlags: 0
  m_PrefabParentObject: {fileID: 0}
  m_PrefabInternal: {fileID: 0}
  m_Name: 
  m_ImageContentsHash:
    serializedVersion: 2
    Hash: 00000000000000000000000000000000
  m_Width: 512
  m_Height: 512
  m_AntiAliasing: 1
  m_DepthFormat: 0
  m_ColorFormat: 0
  m_MipMap: 0
  m_GenerateMips: 1
  m_SRGB: 1
  m_TextureSettings:
    m_FilterMode: 1
    m_Aniso: 1
    m_MipBias: 0
    m_WrapMode: 1
--- !u!1 &522270997
GameObject:
  m_ObjectHideFlags: 0
  m_PrefabParentObject: {fileID: 0}
  m_PrefabInternal: {fileID: 0}
  serializedVersion: 5
  m_Component:
  - component: {fileID: 522270998}
  - component: {fileID: 522271000}
  - component: {fileID: 522270999}
  m_Layer: 0
  m_Name: AudioSourceAmbient
  m_TagString: Untagged
  m_Icon: {fileID: 0}
  m_NavMeshLayer: 0
  m_StaticEditorFlags: 0
  m_IsActive: 1
--- !u!4 &522270998
Transform:
  m_ObjectHideFlags: 0
  m_PrefabParentObject: {fileID: 0}
  m_PrefabInternal: {fileID: 0}
  m_GameObject: {fileID: 522270997}
  m_LocalRotation: {x: 0, y: 0, z: 0, w: 1}
  m_LocalPosition: {x: 0, y: 0, z: 0}
  m_LocalScale: {x: 1, y: 1, z: 1}
  m_Children: []
  m_Father: {fileID: 159999072}
  m_RootOrder: 2
  m_LocalEulerAnglesHint: {x: 0, y: 0, z: 0}
--- !u!114 &522270999
MonoBehaviour:
  m_ObjectHideFlags: 0
  m_PrefabParentObject: {fileID: 0}
  m_PrefabInternal: {fileID: 0}
  m_GameObject: {fileID: 522270997}
  m_Enabled: 1
  m_EditorHideFlags: 0
  m_Script: {fileID: 11500000, guid: a1b2448d7ad76ff46bab248a00cec2dc, type: 3}
  m_Name: 
  m_EditorClassIdentifier: 
  myFunction: 2
  audiosrc: {fileID: 522271000}
  isFadingIn: 1
  isFadingOut: 0
--- !u!82 &522271000
AudioSource:
  m_ObjectHideFlags: 0
  m_PrefabParentObject: {fileID: 0}
  m_PrefabInternal: {fileID: 0}
  m_GameObject: {fileID: 522270997}
  m_Enabled: 1
  serializedVersion: 4
  OutputAudioMixerGroup: {fileID: 0}
  m_audioClip: {fileID: 8300000, guid: ce917758e82eec84dabb1ff43c16b92c, type: 3}
  m_PlayOnAwake: 0
  m_Volume: 0
  m_Pitch: 1
  Loop: 1
  Mute: 0
  Spatialize: 0
  SpatializePostEffects: 0
  Priority: 128
  DopplerLevel: 1
  MinDistance: 1
  MaxDistance: 500
  Pan2D: 0
  rolloffMode: 0
  BypassEffects: 0
  BypassListenerEffects: 0
  BypassReverbZones: 0
  rolloffCustomCurve:
    serializedVersion: 2
    m_Curve:
    - serializedVersion: 2
      time: 0
      value: 1
      inSlope: 0
      outSlope: 0
      tangentMode: 0
    - serializedVersion: 2
      time: 1
      value: 0
      inSlope: 0
      outSlope: 0
      tangentMode: 0
    m_PreInfinity: 2
    m_PostInfinity: 2
    m_RotationOrder: 4
  panLevelCustomCurve:
    serializedVersion: 2
    m_Curve:
    - serializedVersion: 2
      time: 0
      value: 0
      inSlope: 0
      outSlope: 0
      tangentMode: 0
    m_PreInfinity: 2
    m_PostInfinity: 2
    m_RotationOrder: 0
  spreadCustomCurve:
    serializedVersion: 2
    m_Curve:
    - serializedVersion: 2
      time: 0
      value: 0
      inSlope: 0
      outSlope: 0
      tangentMode: 0
    m_PreInfinity: 2
    m_PostInfinity: 2
    m_RotationOrder: 0
  reverbZoneMixCustomCurve:
    serializedVersion: 2
    m_Curve:
    - serializedVersion: 2
      time: 0
      value: 1
      inSlope: 0
      outSlope: 0
      tangentMode: 0
    m_PreInfinity: 2
    m_PostInfinity: 2
    m_RotationOrder: 0
--- !u!1 &524423792
GameObject:
  m_ObjectHideFlags: 0
  m_PrefabParentObject: {fileID: 0}
  m_PrefabInternal: {fileID: 0}
  serializedVersion: 5
  m_Component:
  - component: {fileID: 524423794}
  - component: {fileID: 524423793}
  m_Layer: 0
  m_Name: FPSCounter
  m_TagString: Untagged
  m_Icon: {fileID: 0}
  m_NavMeshLayer: 0
  m_StaticEditorFlags: 0
  m_IsActive: 1
--- !u!114 &524423793
MonoBehaviour:
  m_ObjectHideFlags: 0
  m_PrefabParentObject: {fileID: 0}
  m_PrefabInternal: {fileID: 0}
  m_GameObject: {fileID: 524423792}
  m_Enabled: 1
  m_EditorHideFlags: 0
  m_Script: {fileID: 11500000, guid: acfdd41b90dc76d439e4d45a78574964, type: 3}
  m_Name: 
  m_EditorClassIdentifier: 
  startRect:
    serializedVersion: 2
    x: 10
    y: 10
    width: 75
    height: 50
  updateColor: 1
  allowDrag: 1
  frequency: 0.5
  nbDecimal: 1
--- !u!4 &524423794
Transform:
  m_ObjectHideFlags: 0
  m_PrefabParentObject: {fileID: 0}
  m_PrefabInternal: {fileID: 0}
  m_GameObject: {fileID: 524423792}
  m_LocalRotation: {x: 0, y: 0, z: 0, w: 1}
  m_LocalPosition: {x: 9.917961, y: 20.965193, z: 0.48752785}
  m_LocalScale: {x: 1, y: 1, z: 1}
  m_Children: []
  m_Father: {fileID: 0}
  m_RootOrder: 2
  m_LocalEulerAnglesHint: {x: 0, y: 0, z: 0}
--- !u!1 &527830506
GameObject:
  m_ObjectHideFlags: 0
  m_PrefabParentObject: {fileID: 0}
  m_PrefabInternal: {fileID: 0}
  serializedVersion: 5
  m_Component:
  - component: {fileID: 527830507}
  m_Layer: 0
  m_Name: VFX
  m_TagString: Untagged
  m_Icon: {fileID: 0}
  m_NavMeshLayer: 0
  m_StaticEditorFlags: 0
  m_IsActive: 1
--- !u!4 &527830507
Transform:
  m_ObjectHideFlags: 0
  m_PrefabParentObject: {fileID: 0}
  m_PrefabInternal: {fileID: 0}
  m_GameObject: {fileID: 527830506}
  m_LocalRotation: {x: -0, y: -0, z: -0, w: 1}
  m_LocalPosition: {x: 0, y: 0, z: 0}
  m_LocalScale: {x: 1, y: 1, z: 1}
  m_Children: []
  m_Father: {fileID: 1553859263}
  m_RootOrder: 0
  m_LocalEulerAnglesHint: {x: 0, y: 0, z: 0}
--- !u!21 &632293609
Material:
  serializedVersion: 6
  m_ObjectHideFlags: 0
  m_PrefabParentObject: {fileID: 0}
  m_PrefabInternal: {fileID: 0}
  m_Name: Enviro/CloudsShadows
  m_Shader: {fileID: 4800000, guid: 719702b43b4253b46baedc47229b26b8, type: 3}
  m_ShaderKeywords: 
  m_LightmapFlags: 5
  m_CustomRenderQueue: -1
  stringTagMap: {}
  m_SavedProperties:
    serializedVersion: 2
    m_TexEnvs:
    - first:
        name: _MainTex
      second:
        m_Texture: {fileID: 418689001}
        m_Scale: {x: 1, y: 1}
        m_Offset: {x: 0, y: 0}
    m_Floats:
    - first:
        name: _Offset
      second: 1
    - first:
        name: _ShadowStrength
      second: 0.5
    m_Colors: []
--- !u!1 &644829102
GameObject:
  m_ObjectHideFlags: 0
  m_PrefabParentObject: {fileID: 0}
  m_PrefabInternal: {fileID: 0}
  serializedVersion: 5
  m_Component:
  - component: {fileID: 644829103}
  - component: {fileID: 644829107}
  - component: {fileID: 644829105}
  - component: {fileID: 644829104}
  - component: {fileID: 644829108}
  m_Layer: 0
  m_Name: Floor
  m_TagString: Untagged
  m_Icon: {fileID: 0}
  m_NavMeshLayer: 0
  m_StaticEditorFlags: 4294967295
  m_IsActive: 1
--- !u!4 &644829103
Transform:
  m_ObjectHideFlags: 0
  m_PrefabParentObject: {fileID: 0}
  m_PrefabInternal: {fileID: 0}
  m_GameObject: {fileID: 644829102}
  m_LocalRotation: {x: 0, y: 0, z: 0, w: 1}
  m_LocalPosition: {x: -10.8, y: -2.4581017, z: 1.5}
  m_LocalScale: {x: 10, y: 1, z: 10}
  m_Children:
  - {fileID: 76461754}
  m_Father: {fileID: 1308842189}
  m_RootOrder: 0
  m_LocalEulerAnglesHint: {x: 0, y: 0, z: 0}
--- !u!114 &644829104
MonoBehaviour:
  m_ObjectHideFlags: 0
  m_PrefabParentObject: {fileID: 0}
  m_PrefabInternal: {fileID: 0}
  m_GameObject: {fileID: 644829102}
  m_Enabled: 1
  m_EditorHideFlags: 0
  m_Script: {fileID: 11500000, guid: 165475b02beb5684cb9a61d697e50f04, type: 3}
  m_Name: 
  m_EditorClassIdentifier: 
  isRaining: 1
  mRenderer: {fileID: 644829105}
  useRipples: 0
  RippleFrames: []
  RippleAnimationSpeed: 30
  useWaveAnimation: 0
  waveSpeed: {x: 0, y: 0}
--- !u!23 &644829105
MeshRenderer:
  m_ObjectHideFlags: 0
  m_PrefabParentObject: {fileID: 0}
  m_PrefabInternal: {fileID: 0}
  m_GameObject: {fileID: 644829102}
  m_Enabled: 1
  m_CastShadows: 1
  m_ReceiveShadows: 1
  m_MotionVectors: 1
  m_LightProbeUsage: 1
  m_ReflectionProbeUsage: 1
  m_Materials:
  - {fileID: 2100000, guid: fb6c2d37942db9f4f87779ba4521dac0, type: 2}
  m_StaticBatchInfo:
    firstSubMesh: 0
    subMeshCount: 0
  m_StaticBatchRoot: {fileID: 0}
  m_ProbeAnchor: {fileID: 0}
  m_LightProbeVolumeOverride: {fileID: 0}
  m_ScaleInLightmap: 1
  m_PreserveUVs: 1
  m_IgnoreNormalsForChartDetection: 0
  m_ImportantGI: 0
  m_SelectedEditorRenderState: 3
  m_MinimumChartSize: 4
  m_AutoUVMaxDistance: 0.5
  m_AutoUVMaxAngle: 89
  m_LightmapParameters: {fileID: 0}
  m_SortingLayerID: 0
  m_SortingOrder: 0
--- !u!33 &644829107
MeshFilter:
  m_ObjectHideFlags: 0
  m_PrefabParentObject: {fileID: 0}
  m_PrefabInternal: {fileID: 0}
  m_GameObject: {fileID: 644829102}
  m_Mesh: {fileID: 10209, guid: 0000000000000000e000000000000000, type: 0}
--- !u!114 &644829108
MonoBehaviour:
  m_ObjectHideFlags: 0
  m_PrefabParentObject: {fileID: 0}
  m_PrefabInternal: {fileID: 0}
  m_GameObject: {fileID: 644829102}
  m_Enabled: 1
  m_EditorHideFlags: 0
  m_Script: {fileID: 11500000, guid: 8c9113d9fa48c7c429bb9cff0aae17e6, type: 3}
  m_Name: 
  m_EditorClassIdentifier: 
  SpringMaterial: {fileID: 2100000, guid: eb8126c91e7eb6a46a60228b32eda087, type: 2}
  SummerMaterial: {fileID: 2100000, guid: eb8126c91e7eb6a46a60228b32eda087, type: 2}
  AutumnMaterial: {fileID: 2100000, guid: 20f931a8993b2364c81bc73f100b28fa, type: 2}
  WinterMaterial: {fileID: 2100000, guid: fb6c2d37942db9f4f87779ba4521dac0, type: 2}
--- !u!21 &669351822
Material:
  serializedVersion: 6
  m_ObjectHideFlags: 0
  m_PrefabParentObject: {fileID: 0}
  m_PrefabInternal: {fileID: 0}
  m_Name: Enviro/CloudsShadows
  m_Shader: {fileID: 4800000, guid: 719702b43b4253b46baedc47229b26b8, type: 3}
  m_ShaderKeywords: 
  m_LightmapFlags: 5
  m_CustomRenderQueue: -1
  stringTagMap: {}
  m_SavedProperties:
    serializedVersion: 2
    m_TexEnvs:
    - first:
        name: _MainTex
      second:
        m_Texture: {fileID: 418689001}
        m_Scale: {x: 1, y: 1}
        m_Offset: {x: 0, y: 0}
    m_Floats:
    - first:
        name: _Offset
      second: 1
    - first:
        name: _ShadowStrength
      second: 0.5
    m_Colors: []
--- !u!1 &781944435
GameObject:
  m_ObjectHideFlags: 0
  m_PrefabParentObject: {fileID: 0}
  m_PrefabInternal: {fileID: 0}
  serializedVersion: 5
  m_Component:
  - component: {fileID: 781944438}
  - component: {fileID: 781944437}
  - component: {fileID: 781944436}
  m_Layer: 0
  m_Name: Point light
  m_TagString: Untagged
  m_Icon: {fileID: 0}
  m_NavMeshLayer: 0
  m_StaticEditorFlags: 0
  m_IsActive: 0
--- !u!114 &781944436
MonoBehaviour:
  m_ObjectHideFlags: 0
  m_PrefabParentObject: {fileID: 0}
  m_PrefabInternal: {fileID: 0}
  m_GameObject: {fileID: 781944435}
  m_Enabled: 1
  m_EditorHideFlags: 0
  m_Script: {fileID: 11500000, guid: 5c7457fc8c1b79f46b31cdd5ad46bfaf, type: 3}
  m_Name: 
  m_EditorClassIdentifier: 
  volumeLightShader: {fileID: 0}
  volumeLightBlurShader: {fileID: 0}
  temp: {fileID: 0}
  SampleCount: 10
  scaleWithTime: 1
  ScatteringCoef: 0.345
  ExtinctionCoef: 0.0275
  Anistropy: 0.256
  Noise: 0
  NoiseScale: 0.015
  NoiseIntensity: 1
  NoiseIntensityOffset: 0.3
  NoiseVelocity: {x: 3, y: 3}
--- !u!108 &781944437
Light:
  m_ObjectHideFlags: 0
  m_PrefabParentObject: {fileID: 0}
  m_PrefabInternal: {fileID: 0}
  m_GameObject: {fileID: 781944435}
  m_Enabled: 1
  serializedVersion: 7
  m_Type: 2
  m_Color: {r: 1, g: 1, b: 1, a: 1}
  m_Intensity: 2.16
  m_Range: 14.43
  m_SpotAngle: 30
  m_CookieSize: 10
  m_Shadows:
    m_Type: 2
    m_Resolution: -1
    m_CustomResolution: -1
    m_Strength: 1
    m_Bias: 0.05
    m_NormalBias: 0.4
    m_NearPlane: 0.2
  m_Cookie: {fileID: 0}
  m_DrawHalo: 0
  m_Flare: {fileID: 0}
  m_RenderMode: 0
  m_CullingMask:
    serializedVersion: 2
    m_Bits: 4294967295
  m_Lightmapping: 4
  m_AreaSize: {x: 1, y: 1}
  m_BounceIntensity: 1
  m_ShadowRadius: 0
  m_ShadowAngle: 0
--- !u!4 &781944438
Transform:
  m_ObjectHideFlags: 0
  m_PrefabParentObject: {fileID: 0}
  m_PrefabInternal: {fileID: 0}
  m_GameObject: {fileID: 781944435}
  m_LocalRotation: {x: 0, y: 0, z: 0, w: 1}
  m_LocalPosition: {x: 2.7, y: 3.23, z: -1.9842663}
  m_LocalScale: {x: 1, y: 1, z: 1}
  m_Children: []
  m_Father: {fileID: 0}
  m_RootOrder: 8
  m_LocalEulerAnglesHint: {x: 0, y: 0, z: 0}
--- !u!1 &856048573
GameObject:
  m_ObjectHideFlags: 0
  m_PrefabParentObject: {fileID: 0}
  m_PrefabInternal: {fileID: 0}
  serializedVersion: 5
  m_Component:
  - component: {fileID: 856048574}
  - component: {fileID: 856048576}
  - component: {fileID: 856048575}
  m_Layer: 0
  m_Name: AudioSourceWeather2
  m_TagString: Untagged
  m_Icon: {fileID: 0}
  m_NavMeshLayer: 0
  m_StaticEditorFlags: 0
  m_IsActive: 1
--- !u!4 &856048574
Transform:
  m_ObjectHideFlags: 0
  m_PrefabParentObject: {fileID: 0}
  m_PrefabInternal: {fileID: 0}
  m_GameObject: {fileID: 856048573}
  m_LocalRotation: {x: 0, y: 0, z: 0, w: 1}
  m_LocalPosition: {x: 0, y: 0, z: 0}
  m_LocalScale: {x: 1, y: 1, z: 1}
  m_Children: []
  m_Father: {fileID: 159999072}
  m_RootOrder: 1
  m_LocalEulerAnglesHint: {x: 179.999, y: 179.999, z: 179.999}
--- !u!114 &856048575
MonoBehaviour:
  m_ObjectHideFlags: 0
  m_PrefabParentObject: {fileID: 0}
  m_PrefabInternal: {fileID: 0}
  m_GameObject: {fileID: 856048573}
  m_Enabled: 1
  m_EditorHideFlags: 0
  m_Script: {fileID: 11500000, guid: a1b2448d7ad76ff46bab248a00cec2dc, type: 3}
  m_Name: 
  m_EditorClassIdentifier: 
  myFunction: 1
  audiosrc: {fileID: 856048576}
  isFadingIn: 0
  isFadingOut: 0
--- !u!82 &856048576
AudioSource:
  m_ObjectHideFlags: 0
  m_PrefabParentObject: {fileID: 0}
  m_PrefabInternal: {fileID: 0}
  m_GameObject: {fileID: 856048573}
  m_Enabled: 1
  serializedVersion: 4
  OutputAudioMixerGroup: {fileID: 0}
  m_audioClip: {fileID: 0}
  m_PlayOnAwake: 0
  m_Volume: 1
  m_Pitch: 1
  Loop: 1
  Mute: 0
  Spatialize: 0
  SpatializePostEffects: 0
  Priority: 128
  DopplerLevel: 1
  MinDistance: 1
  MaxDistance: 500
  Pan2D: 0
  rolloffMode: 0
  BypassEffects: 0
  BypassListenerEffects: 0
  BypassReverbZones: 0
  rolloffCustomCurve:
    serializedVersion: 2
    m_Curve:
    - serializedVersion: 2
      time: 0
      value: 1
      inSlope: 0
      outSlope: 0
      tangentMode: 0
    - serializedVersion: 2
      time: 1
      value: 0
      inSlope: 0
      outSlope: 0
      tangentMode: 0
    m_PreInfinity: 2
    m_PostInfinity: 2
    m_RotationOrder: 4
  panLevelCustomCurve:
    serializedVersion: 2
    m_Curve:
    - serializedVersion: 2
      time: 0
      value: 0
      inSlope: 0
      outSlope: 0
      tangentMode: 0
    m_PreInfinity: 2
    m_PostInfinity: 2
    m_RotationOrder: 0
  spreadCustomCurve:
    serializedVersion: 2
    m_Curve:
    - serializedVersion: 2
      time: 0
      value: 0
      inSlope: 0
      outSlope: 0
      tangentMode: 0
    m_PreInfinity: 2
    m_PostInfinity: 2
    m_RotationOrder: 0
  reverbZoneMixCustomCurve:
    serializedVersion: 2
    m_Curve:
    - serializedVersion: 2
      time: 0
      value: 1
      inSlope: 0
      outSlope: 0
      tangentMode: 0
    m_PreInfinity: 2
    m_PostInfinity: 2
    m_RotationOrder: 0
--- !u!1 &868908395
GameObject:
  m_ObjectHideFlags: 0
  m_PrefabParentObject: {fileID: 0}
  m_PrefabInternal: {fileID: 0}
  serializedVersion: 5
  m_Component:
  - component: {fileID: 868908399}
  - component: {fileID: 868908398}
  - component: {fileID: 868908397}
  - component: {fileID: 868908396}
  - component: {fileID: 868908400}
  - component: {fileID: 868908401}
  m_Layer: 0
  m_Name: Plane
  m_TagString: Untagged
  m_Icon: {fileID: 0}
  m_NavMeshLayer: 0
  m_StaticEditorFlags: 4294967295
  m_IsActive: 1
--- !u!23 &868908396
MeshRenderer:
  m_ObjectHideFlags: 0
  m_PrefabParentObject: {fileID: 0}
  m_PrefabInternal: {fileID: 0}
  m_GameObject: {fileID: 868908395}
  m_Enabled: 1
  m_CastShadows: 1
  m_ReceiveShadows: 1
  m_MotionVectors: 1
  m_LightProbeUsage: 1
  m_ReflectionProbeUsage: 1
  m_Materials:
  - {fileID: 2100000, guid: b0c6dc6d96d53274bb1a3f1f09ee0437, type: 2}
  m_StaticBatchInfo:
    firstSubMesh: 0
    subMeshCount: 0
  m_StaticBatchRoot: {fileID: 0}
  m_ProbeAnchor: {fileID: 0}
  m_LightProbeVolumeOverride: {fileID: 0}
  m_ScaleInLightmap: 1
  m_PreserveUVs: 1
  m_IgnoreNormalsForChartDetection: 0
  m_ImportantGI: 0
  m_SelectedEditorRenderState: 3
  m_MinimumChartSize: 4
  m_AutoUVMaxDistance: 0.5
  m_AutoUVMaxAngle: 89
  m_LightmapParameters: {fileID: 0}
  m_SortingLayerID: 0
  m_SortingOrder: 0
--- !u!64 &868908397
MeshCollider:
  m_ObjectHideFlags: 0
  m_PrefabParentObject: {fileID: 0}
  m_PrefabInternal: {fileID: 0}
  m_GameObject: {fileID: 868908395}
  m_Material: {fileID: 0}
  m_IsTrigger: 0
  m_Enabled: 1
  serializedVersion: 2
  m_Convex: 0
  m_InflateMesh: 0
  m_SkinWidth: 0.01
  m_Mesh: {fileID: 10209, guid: 0000000000000000e000000000000000, type: 0}
--- !u!33 &868908398
MeshFilter:
  m_ObjectHideFlags: 0
  m_PrefabParentObject: {fileID: 0}
  m_PrefabInternal: {fileID: 0}
  m_GameObject: {fileID: 868908395}
  m_Mesh: {fileID: 10209, guid: 0000000000000000e000000000000000, type: 0}
--- !u!4 &868908399
Transform:
  m_ObjectHideFlags: 0
  m_PrefabParentObject: {fileID: 0}
  m_PrefabInternal: {fileID: 0}
  m_GameObject: {fileID: 868908395}
  m_LocalRotation: {x: -0.000000115202326, y: 0.7071067, z: -0.7071068, w: -0.00000011520231}
  m_LocalPosition: {x: -10.79, y: 0.14, z: 51.39}
  m_LocalScale: {x: 10, y: 1, z: 0.5}
  m_Children: []
  m_Father: {fileID: 1360959884}
  m_RootOrder: 3
  m_LocalEulerAnglesHint: {x: 89.980194, y: -180, z: 0}
--- !u!114 &868908400
MonoBehaviour:
  m_ObjectHideFlags: 0
  m_PrefabParentObject: {fileID: 0}
  m_PrefabInternal: {fileID: 0}
  m_GameObject: {fileID: 868908395}
  m_Enabled: 1
  m_EditorHideFlags: 0
  m_Script: {fileID: 11500000, guid: 8c9113d9fa48c7c429bb9cff0aae17e6, type: 3}
  m_Name: 
  m_EditorClassIdentifier: 
  SpringMaterial: {fileID: 2100000, guid: 438bf96233020ed4e894dff942653031, type: 2}
  SummerMaterial: {fileID: 2100000, guid: 438bf96233020ed4e894dff942653031, type: 2}
  AutumnMaterial: {fileID: 2100000, guid: b0c6dc6d96d53274bb1a3f1f09ee0437, type: 2}
  WinterMaterial: {fileID: 2100000, guid: 362ec58e33918ca449f62bc09237eb91, type: 2}
--- !u!114 &868908401
MonoBehaviour:
  m_ObjectHideFlags: 0
  m_PrefabParentObject: {fileID: 0}
  m_PrefabInternal: {fileID: 0}
  m_GameObject: {fileID: 868908395}
  m_Enabled: 1
  m_EditorHideFlags: 0
  m_Script: {fileID: 11500000, guid: 165475b02beb5684cb9a61d697e50f04, type: 3}
  m_Name: 
  m_EditorClassIdentifier: 
  isRaining: 0
  mRenderer: {fileID: 868908396}
  useRipples: 0
  RippleFrames: []
  RippleAnimationSpeed: 30
  useWaveAnimation: 1
  waveSpeed: {x: 0, y: 0.1}
--- !u!21 &948427109
Material:
  serializedVersion: 6
  m_ObjectHideFlags: 0
  m_PrefabParentObject: {fileID: 0}
  m_PrefabInternal: {fileID: 0}
  m_Name: Enviro/Skybox
  m_Shader: {fileID: 4800000, guid: d71aa1ea62ba65645b17f10f1be40401, type: 3}
  m_ShaderKeywords: 
  m_LightmapFlags: 5
  m_CustomRenderQueue: -1
  stringTagMap: {}
  m_SavedProperties:
    serializedVersion: 2
    m_TexEnvs:
    - first:
        name: _SatTex
      second:
        m_Texture: {fileID: 0}
        m_Scale: {x: 1, y: 1}
        m_Offset: {x: 0, y: 0}
    - first:
        name: _Stars
      second:
        m_Texture: {fileID: 8900000, guid: 39b57397df78c0c44a8f13e715e91a6a, type: 3}
        m_Scale: {x: 1, y: 1}
        m_Offset: {x: 0, y: 0}
    m_Floats:
    - first:
        name: _CloudAnimationSpeed
      second: 0.1
    - first:
        name: _noiseIntensity
      second: 1.5
    - first:
        name: _noiseScale
      second: 10
    m_Colors: []
--- !u!21 &966738082
Material:
  serializedVersion: 6
  m_ObjectHideFlags: 0
  m_PrefabParentObject: {fileID: 0}
  m_PrefabInternal: {fileID: 0}
  m_Name: Enviro/Effects/LightShafts
  m_Shader: {fileID: 4800000, guid: 61cff5ff2f842b84cb138276a62064f6, type: 3}
  m_ShaderKeywords: 
  m_LightmapFlags: 5
  m_CustomRenderQueue: -1
  stringTagMap: {}
  m_SavedProperties:
    serializedVersion: 2
    m_TexEnvs:
    - first:
        name: _ColorBuffer
      second:
        m_Texture: {fileID: 0}
        m_Scale: {x: 1, y: 1}
        m_Offset: {x: 0, y: 0}
    - first:
        name: _MainTex
      second:
        m_Texture: {fileID: 0}
        m_Scale: {x: 1, y: 1}
        m_Offset: {x: 0, y: 0}
    - first:
        name: _Skybox
      second:
        m_Texture: {fileID: 0}
        m_Scale: {x: 1, y: 1}
        m_Offset: {x: 0, y: 0}
    m_Floats: []
    m_Colors: []
--- !u!1001 &1118336398
Prefab:
  m_ObjectHideFlags: 0
  serializedVersion: 2
  m_Modification:
    m_TransformParent: {fileID: 0}
    m_Modifications:
    - target: {fileID: 22492492, guid: 947b5e6f6bfef6d4380cbbfb97d7dda5, type: 2}
      propertyPath: m_LocalPosition.x
      value: 0
      objectReference: {fileID: 0}
    - target: {fileID: 22492492, guid: 947b5e6f6bfef6d4380cbbfb97d7dda5, type: 2}
      propertyPath: m_LocalPosition.y
      value: 0
      objectReference: {fileID: 0}
    - target: {fileID: 22492492, guid: 947b5e6f6bfef6d4380cbbfb97d7dda5, type: 2}
      propertyPath: m_LocalPosition.z
      value: 0
      objectReference: {fileID: 0}
    - target: {fileID: 22492492, guid: 947b5e6f6bfef6d4380cbbfb97d7dda5, type: 2}
      propertyPath: m_LocalRotation.x
      value: 0
      objectReference: {fileID: 0}
    - target: {fileID: 22492492, guid: 947b5e6f6bfef6d4380cbbfb97d7dda5, type: 2}
      propertyPath: m_LocalRotation.y
      value: 0
      objectReference: {fileID: 0}
    - target: {fileID: 22492492, guid: 947b5e6f6bfef6d4380cbbfb97d7dda5, type: 2}
      propertyPath: m_LocalRotation.z
      value: 0
      objectReference: {fileID: 0}
    - target: {fileID: 22492492, guid: 947b5e6f6bfef6d4380cbbfb97d7dda5, type: 2}
      propertyPath: m_LocalRotation.w
      value: 1
      objectReference: {fileID: 0}
    - target: {fileID: 22492492, guid: 947b5e6f6bfef6d4380cbbfb97d7dda5, type: 2}
      propertyPath: m_RootOrder
      value: 10
      objectReference: {fileID: 0}
    - target: {fileID: 22492492, guid: 947b5e6f6bfef6d4380cbbfb97d7dda5, type: 2}
      propertyPath: m_AnchoredPosition.x
      value: 0
      objectReference: {fileID: 0}
    - target: {fileID: 22492492, guid: 947b5e6f6bfef6d4380cbbfb97d7dda5, type: 2}
      propertyPath: m_AnchoredPosition.y
      value: 0
      objectReference: {fileID: 0}
    - target: {fileID: 22492492, guid: 947b5e6f6bfef6d4380cbbfb97d7dda5, type: 2}
      propertyPath: m_SizeDelta.x
      value: 0
      objectReference: {fileID: 0}
    - target: {fileID: 22492492, guid: 947b5e6f6bfef6d4380cbbfb97d7dda5, type: 2}
      propertyPath: m_SizeDelta.y
      value: 0
      objectReference: {fileID: 0}
    - target: {fileID: 22492492, guid: 947b5e6f6bfef6d4380cbbfb97d7dda5, type: 2}
      propertyPath: m_AnchorMin.x
      value: 0
      objectReference: {fileID: 0}
    - target: {fileID: 22492492, guid: 947b5e6f6bfef6d4380cbbfb97d7dda5, type: 2}
      propertyPath: m_AnchorMin.y
      value: 0
      objectReference: {fileID: 0}
    - target: {fileID: 22492492, guid: 947b5e6f6bfef6d4380cbbfb97d7dda5, type: 2}
      propertyPath: m_AnchorMax.x
      value: 0
      objectReference: {fileID: 0}
    - target: {fileID: 22492492, guid: 947b5e6f6bfef6d4380cbbfb97d7dda5, type: 2}
      propertyPath: m_AnchorMax.y
      value: 0
      objectReference: {fileID: 0}
    - target: {fileID: 22492492, guid: 947b5e6f6bfef6d4380cbbfb97d7dda5, type: 2}
      propertyPath: m_Pivot.x
      value: 0
      objectReference: {fileID: 0}
    - target: {fileID: 22492492, guid: 947b5e6f6bfef6d4380cbbfb97d7dda5, type: 2}
      propertyPath: m_Pivot.y
      value: 0
      objectReference: {fileID: 0}
    - target: {fileID: 22461514, guid: 947b5e6f6bfef6d4380cbbfb97d7dda5, type: 2}
      propertyPath: m_AnchorMax.x
      value: 1
      objectReference: {fileID: 0}
    - target: {fileID: 22461514, guid: 947b5e6f6bfef6d4380cbbfb97d7dda5, type: 2}
      propertyPath: m_AnchorMax.y
      value: 1
      objectReference: {fileID: 0}
    - target: {fileID: 22484102, guid: 947b5e6f6bfef6d4380cbbfb97d7dda5, type: 2}
      propertyPath: m_AnchorMin.x
      value: 1
      objectReference: {fileID: 0}
    - target: {fileID: 22484102, guid: 947b5e6f6bfef6d4380cbbfb97d7dda5, type: 2}
      propertyPath: m_AnchorMax.x
      value: 1
      objectReference: {fileID: 0}
    - target: {fileID: 22484102, guid: 947b5e6f6bfef6d4380cbbfb97d7dda5, type: 2}
      propertyPath: m_AnchorMax.y
      value: 1
      objectReference: {fileID: 0}
    - target: {fileID: 22448520, guid: 947b5e6f6bfef6d4380cbbfb97d7dda5, type: 2}
      propertyPath: m_AnchorMax.x
      value: 1
      objectReference: {fileID: 0}
    - target: {fileID: 22448520, guid: 947b5e6f6bfef6d4380cbbfb97d7dda5, type: 2}
      propertyPath: m_AnchorMax.y
      value: 1
      objectReference: {fileID: 0}
    - target: {fileID: 22458752, guid: 947b5e6f6bfef6d4380cbbfb97d7dda5, type: 2}
      propertyPath: m_AnchorMin.x
      value: 1
      objectReference: {fileID: 0}
    - target: {fileID: 22458752, guid: 947b5e6f6bfef6d4380cbbfb97d7dda5, type: 2}
      propertyPath: m_AnchorMax.x
      value: 1
      objectReference: {fileID: 0}
    - target: {fileID: 22458752, guid: 947b5e6f6bfef6d4380cbbfb97d7dda5, type: 2}
      propertyPath: m_AnchorMax.y
      value: 1
      objectReference: {fileID: 0}
    - target: {fileID: 22440124, guid: 947b5e6f6bfef6d4380cbbfb97d7dda5, type: 2}
      propertyPath: m_AnchorMax.x
      value: 0.081803
      objectReference: {fileID: 0}
    - target: {fileID: 22440124, guid: 947b5e6f6bfef6d4380cbbfb97d7dda5, type: 2}
      propertyPath: m_AnchorMax.y
      value: 1
      objectReference: {fileID: 0}
    - target: {fileID: 22415934, guid: 947b5e6f6bfef6d4380cbbfb97d7dda5, type: 2}
      propertyPath: m_AnchorMin.x
      value: 0.081803
      objectReference: {fileID: 0}
    - target: {fileID: 22415934, guid: 947b5e6f6bfef6d4380cbbfb97d7dda5, type: 2}
      propertyPath: m_AnchorMax.x
      value: 0.081803
      objectReference: {fileID: 0}
    - target: {fileID: 22415934, guid: 947b5e6f6bfef6d4380cbbfb97d7dda5, type: 2}
      propertyPath: m_AnchorMax.y
      value: 1
      objectReference: {fileID: 0}
    - target: {fileID: 11468228, guid: 947b5e6f6bfef6d4380cbbfb97d7dda5, type: 2}
      propertyPath: m_OnValueChanged.m_PersistentCalls.m_Calls.Array.data[0].m_Target
      value: 
      objectReference: {fileID: 1118336399}
    - target: {fileID: 11468228, guid: 947b5e6f6bfef6d4380cbbfb97d7dda5, type: 2}
      propertyPath: m_OnValueChanged.m_PersistentCalls.m_Calls.Array.data[0].m_MethodName
      value: 
      objectReference: {fileID: 0}
    - target: {fileID: 179746, guid: 947b5e6f6bfef6d4380cbbfb97d7dda5, type: 2}
      propertyPath: m_IsActive
      value: 1
      objectReference: {fileID: 0}
    m_RemovedComponents: []
  m_ParentPrefab: {fileID: 100100000, guid: 947b5e6f6bfef6d4380cbbfb97d7dda5, type: 2}
  m_IsPrefabParent: 0
--- !u!1 &1118336399 stripped
GameObject:
  m_PrefabParentObject: {fileID: 179746, guid: 947b5e6f6bfef6d4380cbbfb97d7dda5, type: 2}
  m_PrefabInternal: {fileID: 1118336398}
--- !u!1 &1127351219
GameObject:
  m_ObjectHideFlags: 0
  m_PrefabParentObject: {fileID: 0}
  m_PrefabInternal: {fileID: 0}
  serializedVersion: 5
  m_Component:
  - component: {fileID: 1127351221}
  - component: {fileID: 1127351220}
  m_Layer: 0
  m_Name: InteriorZone
  m_TagString: Untagged
  m_Icon: {fileID: 0}
  m_NavMeshLayer: 0
  m_StaticEditorFlags: 0
  m_IsActive: 0
--- !u!114 &1127351220
MonoBehaviour:
  m_ObjectHideFlags: 0
  m_PrefabParentObject: {fileID: 0}
  m_PrefabInternal: {fileID: 0}
  m_GameObject: {fileID: 1127351219}
  m_Enabled: 1
  m_EditorHideFlags: 0
  m_Script: {fileID: 11500000, guid: 13b06856ffd52f94ba5814478978cce0, type: 3}
  m_Name: 
  m_EditorClassIdentifier: 
  directLighting: 0
  ambientLighting: 0
  weatherAudio: 0
  ambientAudio: 0
  fog: 0
  weatherEffects: 0
  directLightingMod: {r: 0, g: 0, b: 0, a: 1}
  ambientLightingMod: {r: 0, g: 0, b: 0, a: 1}
  ambientEQLightingMod: {r: 0, g: 0, b: 0, a: 1}
  ambientGRLightingMod: {r: 0, g: 0, b: 0, a: 1}
  ambientVolume: -1
  weatherVolume: -1
  fogFadeSpeed: 2
  minFogMod: 0
  weatherFadeSpeed: 2
  triggers:
  - {fileID: 333456875}
--- !u!4 &1127351221
Transform:
  m_ObjectHideFlags: 0
  m_PrefabParentObject: {fileID: 0}
  m_PrefabInternal: {fileID: 0}
  m_GameObject: {fileID: 1127351219}
  m_LocalRotation: {x: 0, y: 0, z: 0, w: 1}
  m_LocalPosition: {x: 24.7, y: 0, z: 0}
  m_LocalScale: {x: 1, y: 1, z: 1}
  m_Children:
  - {fileID: 333456877}
  m_Father: {fileID: 0}
  m_RootOrder: 9
  m_LocalEulerAnglesHint: {x: 0, y: 0, z: 0}
--- !u!1001 &1137949961
Prefab:
  m_ObjectHideFlags: 0
  serializedVersion: 2
  m_Modification:
    m_TransformParent: {fileID: 0}
    m_Modifications:
    - target: {fileID: 426888, guid: f9feaff40cb1f5c4189b7cc9afa61883, type: 2}
      propertyPath: m_LocalPosition.x
      value: 0.2
      objectReference: {fileID: 0}
    - target: {fileID: 426888, guid: f9feaff40cb1f5c4189b7cc9afa61883, type: 2}
      propertyPath: m_LocalPosition.y
      value: 0.11
      objectReference: {fileID: 0}
    - target: {fileID: 426888, guid: f9feaff40cb1f5c4189b7cc9afa61883, type: 2}
      propertyPath: m_LocalPosition.z
      value: -0.2
      objectReference: {fileID: 0}
    - target: {fileID: 426888, guid: f9feaff40cb1f5c4189b7cc9afa61883, type: 2}
      propertyPath: m_LocalRotation.x
      value: 0
      objectReference: {fileID: 0}
    - target: {fileID: 426888, guid: f9feaff40cb1f5c4189b7cc9afa61883, type: 2}
      propertyPath: m_LocalRotation.y
      value: 0
      objectReference: {fileID: 0}
    - target: {fileID: 426888, guid: f9feaff40cb1f5c4189b7cc9afa61883, type: 2}
      propertyPath: m_LocalRotation.z
      value: 0
      objectReference: {fileID: 0}
    - target: {fileID: 426888, guid: f9feaff40cb1f5c4189b7cc9afa61883, type: 2}
      propertyPath: m_LocalRotation.w
      value: 1
      objectReference: {fileID: 0}
    - target: {fileID: 426888, guid: f9feaff40cb1f5c4189b7cc9afa61883, type: 2}
      propertyPath: m_RootOrder
      value: 0
      objectReference: {fileID: 0}
    - target: {fileID: 11424874, guid: f9feaff40cb1f5c4189b7cc9afa61883, type: 2}
      propertyPath: useWaveAnimation
      value: 0
      objectReference: {fileID: 0}
    - target: {fileID: 426888, guid: f9feaff40cb1f5c4189b7cc9afa61883, type: 2}
      propertyPath: m_LocalScale.x
      value: 10
      objectReference: {fileID: 0}
    - target: {fileID: 426888, guid: f9feaff40cb1f5c4189b7cc9afa61883, type: 2}
      propertyPath: m_LocalScale.z
      value: 10
      objectReference: {fileID: 0}
    - target: {fileID: 123562, guid: f9feaff40cb1f5c4189b7cc9afa61883, type: 2}
      propertyPath: m_IsActive
      value: 1
      objectReference: {fileID: 0}
    - target: {fileID: 11424874, guid: f9feaff40cb1f5c4189b7cc9afa61883, type: 2}
      propertyPath: maxFloodHeight
      value: 0.08
      objectReference: {fileID: 0}
    m_RemovedComponents: []
  m_ParentPrefab: {fileID: 100100000, guid: f9feaff40cb1f5c4189b7cc9afa61883, type: 2}
  m_IsPrefabParent: 0
--- !u!1 &1258853444
GameObject:
  m_ObjectHideFlags: 0
  m_PrefabParentObject: {fileID: 0}
  m_PrefabInternal: {fileID: 0}
  serializedVersion: 5
  m_Component:
  - component: {fileID: 1258853445}
  - component: {fileID: 1258853447}
  - component: {fileID: 1258853446}
  m_Layer: 0
  m_Name: AudioSourceAmbient2
  m_TagString: Untagged
  m_Icon: {fileID: 0}
  m_NavMeshLayer: 0
  m_StaticEditorFlags: 0
  m_IsActive: 1
--- !u!4 &1258853445
Transform:
  m_ObjectHideFlags: 0
  m_PrefabParentObject: {fileID: 0}
  m_PrefabInternal: {fileID: 0}
  m_GameObject: {fileID: 1258853444}
  m_LocalRotation: {x: -0, y: -0, z: -0, w: 1}
  m_LocalPosition: {x: 0, y: 0, z: 0}
  m_LocalScale: {x: 1, y: 1, z: 1}
  m_Children: []
  m_Father: {fileID: 159999072}
  m_RootOrder: 3
  m_LocalEulerAnglesHint: {x: 0, y: 0, z: 0}
--- !u!114 &1258853446
MonoBehaviour:
  m_ObjectHideFlags: 0
  m_PrefabParentObject: {fileID: 0}
  m_PrefabInternal: {fileID: 0}
  m_GameObject: {fileID: 1258853444}
  m_Enabled: 1
  m_EditorHideFlags: 0
  m_Script: {fileID: 11500000, guid: a1b2448d7ad76ff46bab248a00cec2dc, type: 3}
  m_Name: 
  m_EditorClassIdentifier: 
  myFunction: 3
  audiosrc: {fileID: 1258853447}
  isFadingIn: 0
  isFadingOut: 0
--- !u!82 &1258853447
AudioSource:
  m_ObjectHideFlags: 0
  m_PrefabParentObject: {fileID: 0}
  m_PrefabInternal: {fileID: 0}
  m_GameObject: {fileID: 1258853444}
  m_Enabled: 1
  serializedVersion: 4
  OutputAudioMixerGroup: {fileID: 0}
  m_audioClip: {fileID: 0}
  m_PlayOnAwake: 0
  m_Volume: 0
  m_Pitch: 1
  Loop: 1
  Mute: 0
  Spatialize: 0
  SpatializePostEffects: 0
  Priority: 128
  DopplerLevel: 1
  MinDistance: 1
  MaxDistance: 500
  Pan2D: 0
  rolloffMode: 0
  BypassEffects: 0
  BypassListenerEffects: 0
  BypassReverbZones: 0
  rolloffCustomCurve:
    serializedVersion: 2
    m_Curve:
    - serializedVersion: 2
      time: 0
      value: 1
      inSlope: 0
      outSlope: 0
      tangentMode: 0
    - serializedVersion: 2
      time: 1
      value: 0
      inSlope: 0
      outSlope: 0
      tangentMode: 0
    m_PreInfinity: 2
    m_PostInfinity: 2
    m_RotationOrder: 4
  panLevelCustomCurve:
    serializedVersion: 2
    m_Curve:
    - serializedVersion: 2
      time: 0
      value: 0
      inSlope: 0
      outSlope: 0
      tangentMode: 0
    m_PreInfinity: 2
    m_PostInfinity: 2
    m_RotationOrder: 0
  spreadCustomCurve:
    serializedVersion: 2
    m_Curve:
    - serializedVersion: 2
      time: 0
      value: 0
      inSlope: 0
      outSlope: 0
      tangentMode: 0
    m_PreInfinity: 2
    m_PostInfinity: 2
    m_RotationOrder: 0
  reverbZoneMixCustomCurve:
    serializedVersion: 2
    m_Curve:
    - serializedVersion: 2
      time: 0
      value: 1
      inSlope: 0
      outSlope: 0
      tangentMode: 0
    m_PreInfinity: 2
    m_PostInfinity: 2
    m_RotationOrder: 0
--- !u!1 &1263471490
GameObject:
  m_ObjectHideFlags: 0
  m_PrefabParentObject: {fileID: 123704, guid: 519709257d0cba442b295759100ed59b, type: 2}
  m_PrefabInternal: {fileID: 0}
  serializedVersion: 5
  m_Component:
  - component: {fileID: 1263471491}
  - component: {fileID: 1263471496}
  - component: {fileID: 1263471495}
  - component: {fileID: 1263471494}
  - component: {fileID: 1263471493}
  - component: {fileID: 1263471492}
  m_Layer: 8
  m_Name: DemoController
  m_TagString: Player
  m_Icon: {fileID: 0}
  m_NavMeshLayer: 0
  m_StaticEditorFlags: 0
  m_IsActive: 1
--- !u!4 &1263471491
Transform:
  m_ObjectHideFlags: 0
  m_PrefabParentObject: {fileID: 478692, guid: 519709257d0cba442b295759100ed59b, type: 2}
  m_PrefabInternal: {fileID: 0}
  m_GameObject: {fileID: 1263471490}
  m_LocalRotation: {x: -0, y: -0.3064912, z: -0, w: 0.95187354}
  m_LocalPosition: {x: 27.6, y: 1, z: -27.7}
  m_LocalScale: {x: 1, y: 1, z: 1}
  m_Children:
  - {fileID: 2029688906}
  - {fileID: 458096091}
  m_Father: {fileID: 0}
  m_RootOrder: 6
  m_LocalEulerAnglesHint: {x: 0, y: -35.6958, z: 0}
--- !u!114 &1263471492
MonoBehaviour:
  m_ObjectHideFlags: 0
  m_PrefabParentObject: {fileID: 11470788, guid: 519709257d0cba442b295759100ed59b,
    type: 2}
  m_PrefabInternal: {fileID: 0}
  m_GameObject: {fileID: 1263471490}
  m_Enabled: 1
  m_EditorHideFlags: 0
  m_Script: {fileID: 11500000, guid: aaa26f9af37e56b429b69fa2261e3d70, type: 3}
  m_Name: 
  m_EditorClassIdentifier: 
  speed: 12
  sensitivity: 2
  eyes: {fileID: 458096087}
--- !u!135 &1263471493
SphereCollider:
  m_ObjectHideFlags: 0
  m_PrefabParentObject: {fileID: 13577264, guid: 519709257d0cba442b295759100ed59b,
    type: 2}
  m_PrefabInternal: {fileID: 0}
  m_GameObject: {fileID: 1263471490}
  m_Material: {fileID: 0}
  m_IsTrigger: 1
  m_Enabled: 1
  serializedVersion: 2
  m_Radius: 0.91
  m_Center: {x: 0, y: 0, z: 0}
--- !u!82 &1263471494
AudioSource:
  m_ObjectHideFlags: 0
  m_PrefabParentObject: {fileID: 8230692, guid: 519709257d0cba442b295759100ed59b,
    type: 2}
  m_PrefabInternal: {fileID: 0}
  m_GameObject: {fileID: 1263471490}
  m_Enabled: 1
  serializedVersion: 4
  OutputAudioMixerGroup: {fileID: 0}
  m_audioClip: {fileID: 0}
  m_PlayOnAwake: 1
  m_Volume: 1
  m_Pitch: 1
  Loop: 0
  Mute: 0
  Spatialize: 0
  SpatializePostEffects: 0
  Priority: 128
  DopplerLevel: 1
  MinDistance: 1
  MaxDistance: 500
  Pan2D: 0
  rolloffMode: 0
  BypassEffects: 0
  BypassListenerEffects: 0
  BypassReverbZones: 0
  rolloffCustomCurve:
    serializedVersion: 2
    m_Curve:
    - serializedVersion: 2
      time: 0
      value: 1
      inSlope: 0
      outSlope: 0
      tangentMode: 0
    - serializedVersion: 2
      time: 1
      value: 0
      inSlope: 0
      outSlope: 0
      tangentMode: 0
    m_PreInfinity: 2
    m_PostInfinity: 2
    m_RotationOrder: 4
  panLevelCustomCurve:
    serializedVersion: 2
    m_Curve:
    - serializedVersion: 2
      time: 0
      value: 1
      inSlope: 0
      outSlope: 0
      tangentMode: 0
    m_PreInfinity: 2
    m_PostInfinity: 2
    m_RotationOrder: 0
  spreadCustomCurve:
    serializedVersion: 2
    m_Curve:
    - serializedVersion: 2
      time: 0
      value: 0
      inSlope: 0
      outSlope: 0
      tangentMode: 0
    m_PreInfinity: 2
    m_PostInfinity: 2
    m_RotationOrder: 0
  reverbZoneMixCustomCurve:
    serializedVersion: 2
    m_Curve:
    - serializedVersion: 2
      time: 0
      value: 1
      inSlope: 0
      outSlope: 0
      tangentMode: 0
    m_PreInfinity: 2
    m_PostInfinity: 2
    m_RotationOrder: 0
--- !u!54 &1263471495
Rigidbody:
  m_ObjectHideFlags: 0
  m_PrefabParentObject: {fileID: 5459842, guid: 519709257d0cba442b295759100ed59b,
    type: 2}
  m_PrefabInternal: {fileID: 0}
  m_GameObject: {fileID: 1263471490}
  serializedVersion: 2
  m_Mass: 1
  m_Drag: 0
  m_AngularDrag: 0.05
  m_UseGravity: 1
  m_IsKinematic: 1
  m_Interpolate: 0
  m_Constraints: 0
  m_CollisionDetection: 0
--- !u!143 &1263471496
CharacterController:
  m_ObjectHideFlags: 0
  m_PrefabParentObject: {fileID: 14354440, guid: 519709257d0cba442b295759100ed59b,
    type: 2}
  m_PrefabInternal: {fileID: 0}
  m_GameObject: {fileID: 1263471490}
  m_Material: {fileID: 0}
  m_IsTrigger: 0
  m_Enabled: 1
  serializedVersion: 2
  m_Height: 1.8
  m_Radius: 0.5
  m_SlopeLimit: 45
  m_StepOffset: 0.3
  m_SkinWidth: 0.08
  m_MinMoveDistance: 0
  m_Center: {x: 0, y: 0, z: 0}
--- !u!1 &1308842188
GameObject:
  m_ObjectHideFlags: 0
  m_PrefabParentObject: {fileID: 0}
  m_PrefabInternal: {fileID: 0}
  serializedVersion: 5
  m_Component:
  - component: {fileID: 1308842189}
  m_Layer: 0
  m_Name: Scene
  m_TagString: Untagged
  m_Icon: {fileID: 0}
  m_NavMeshLayer: 0
  m_StaticEditorFlags: 4294967295
  m_IsActive: 1
--- !u!4 &1308842189
Transform:
  m_ObjectHideFlags: 0
  m_PrefabParentObject: {fileID: 0}
  m_PrefabInternal: {fileID: 0}
  m_GameObject: {fileID: 1308842188}
  m_LocalRotation: {x: 0, y: 0, z: 0, w: 1}
  m_LocalPosition: {x: 11.04811, y: 2.4781017, z: -1.5305998}
  m_LocalScale: {x: 1, y: 1, z: 1}
  m_Children:
  - {fileID: 644829103}
  - {fileID: 1360959884}
  - {fileID: 1988505575}
  m_Father: {fileID: 0}
  m_RootOrder: 1
  m_LocalEulerAnglesHint: {x: 0, y: 0, z: 0}
--- !u!1 &1360959883
GameObject:
  m_ObjectHideFlags: 0
  m_PrefabParentObject: {fileID: 0}
  m_PrefabInternal: {fileID: 0}
  serializedVersion: 5
  m_Component:
  - component: {fileID: 1360959884}
  m_Layer: 0
  m_Name: Walls
  m_TagString: Untagged
  m_Icon: {fileID: 0}
  m_NavMeshLayer: 0
  m_StaticEditorFlags: 4294967295
  m_IsActive: 1
--- !u!4 &1360959884
Transform:
  m_ObjectHideFlags: 0
  m_PrefabParentObject: {fileID: 0}
  m_PrefabInternal: {fileID: 0}
  m_GameObject: {fileID: 1360959883}
  m_LocalRotation: {x: 0, y: 0, z: 0, w: 1}
  m_LocalPosition: {x: 0, y: 0, z: 0}
  m_LocalScale: {x: 1, y: 1, z: 1}
  m_Children:
  - {fileID: 1952882196}
  - {fileID: 299426370}
  - {fileID: 2055397250}
  - {fileID: 868908399}
  m_Father: {fileID: 1308842189}
  m_RootOrder: 1
  m_LocalEulerAnglesHint: {x: 0, y: 0, z: 0}
--- !u!1 &1553859262
GameObject:
  m_ObjectHideFlags: 0
  m_PrefabParentObject: {fileID: 0}
  m_PrefabInternal: {fileID: 0}
  serializedVersion: 5
  m_Component:
  - component: {fileID: 1553859263}
  m_Layer: 0
  m_Name: Enviro Effects
  m_TagString: Untagged
  m_Icon: {fileID: 0}
  m_NavMeshLayer: 0
  m_StaticEditorFlags: 0
  m_IsActive: 1
--- !u!4 &1553859263
Transform:
  m_ObjectHideFlags: 0
  m_PrefabParentObject: {fileID: 0}
  m_PrefabInternal: {fileID: 0}
  m_GameObject: {fileID: 1553859262}
  m_LocalRotation: {x: 0, y: 0, z: 0, w: 1}
  m_LocalPosition: {x: 27.6, y: 1, z: -27.7}
  m_LocalScale: {x: 1, y: 1, z: 1}
  m_Children:
  - {fileID: 527830507}
  - {fileID: 159999072}
  m_Father: {fileID: 0}
  m_RootOrder: 11
  m_LocalEulerAnglesHint: {x: 0, y: 0, z: 0}
--- !u!21 &1718208173
Material:
  serializedVersion: 6
  m_ObjectHideFlags: 0
  m_PrefabParentObject: {fileID: 0}
  m_PrefabInternal: {fileID: 0}
  m_Name: Enviro/MoonShader
  m_Shader: {fileID: 4800000, guid: 7cd824163ab2089479cc0cc2764532ca, type: 3}
  m_ShaderKeywords: 
  m_LightmapFlags: 5
  m_CustomRenderQueue: -1
  stringTagMap: {}
  m_SavedProperties:
    serializedVersion: 2
    m_TexEnvs:
    - first:
        name: _MainTex
      second:
        m_Texture: {fileID: 2800000, guid: a1ecb87143451c742941779d0eb2e32f, type: 3}
        m_Scale: {x: 1, y: 1}
        m_Offset: {x: 0, y: 0}
    m_Floats:
    - first:
        name: _Brightness
      second: 0.58013695
    m_Colors:
    - first:
        name: _Color
      second: {r: 0.61764705, g: 0.61764705, b: 0.61764705, a: 1}
--- !u!1 &1767606423
GameObject:
  m_ObjectHideFlags: 0
  m_PrefabParentObject: {fileID: 0}
  m_PrefabInternal: {fileID: 0}
  serializedVersion: 5
  m_Component:
  - component: {fileID: 1767606424}
  - component: {fileID: 1767606426}
  - component: {fileID: 1767606425}
  m_Layer: 0
  m_Name: AudioSourceThunder
  m_TagString: Untagged
  m_Icon: {fileID: 0}
  m_NavMeshLayer: 0
  m_StaticEditorFlags: 0
  m_IsActive: 1
--- !u!4 &1767606424
Transform:
  m_ObjectHideFlags: 0
  m_PrefabParentObject: {fileID: 0}
  m_PrefabInternal: {fileID: 0}
  m_GameObject: {fileID: 1767606423}
  m_LocalRotation: {x: 0, y: 0, z: 0, w: 1}
  m_LocalPosition: {x: 0, y: 0, z: 0}
  m_LocalScale: {x: 1, y: 1, z: 1}
  m_Children: []
  m_Father: {fileID: 159999072}
  m_RootOrder: 4
  m_LocalEulerAnglesHint: {x: 179.999, y: 179.999, z: 179.999}
--- !u!114 &1767606425
MonoBehaviour:
  m_ObjectHideFlags: 0
  m_PrefabParentObject: {fileID: 0}
  m_PrefabInternal: {fileID: 0}
  m_GameObject: {fileID: 1767606423}
  m_Enabled: 1
  m_EditorHideFlags: 0
  m_Script: {fileID: 11500000, guid: a1b2448d7ad76ff46bab248a00cec2dc, type: 3}
  m_Name: 
  m_EditorClassIdentifier: 
  myFunction: 4
  audiosrc: {fileID: 1767606426}
  isFadingIn: 0
  isFadingOut: 0
--- !u!82 &1767606426
AudioSource:
  m_ObjectHideFlags: 0
  m_PrefabParentObject: {fileID: 0}
  m_PrefabInternal: {fileID: 0}
  m_GameObject: {fileID: 1767606423}
  m_Enabled: 1
  serializedVersion: 4
  OutputAudioMixerGroup: {fileID: 0}
  m_audioClip: {fileID: 0}
  m_PlayOnAwake: 0
  m_Volume: 1
  m_Pitch: 1
  Loop: 0
  Mute: 0
  Spatialize: 0
  SpatializePostEffects: 0
  Priority: 128
  DopplerLevel: 1
  MinDistance: 1
  MaxDistance: 500
  Pan2D: 0
  rolloffMode: 0
  BypassEffects: 0
  BypassListenerEffects: 0
  BypassReverbZones: 0
  rolloffCustomCurve:
    serializedVersion: 2
    m_Curve:
    - serializedVersion: 2
      time: 0
      value: 1
      inSlope: 0
      outSlope: 0
      tangentMode: 0
    - serializedVersion: 2
      time: 1
      value: 0
      inSlope: 0
      outSlope: 0
      tangentMode: 0
    m_PreInfinity: 2
    m_PostInfinity: 2
    m_RotationOrder: 4
  panLevelCustomCurve:
    serializedVersion: 2
    m_Curve:
    - serializedVersion: 2
      time: 0
      value: 0
      inSlope: 0
      outSlope: 0
      tangentMode: 0
    m_PreInfinity: 2
    m_PostInfinity: 2
    m_RotationOrder: 0
  spreadCustomCurve:
    serializedVersion: 2
    m_Curve:
    - serializedVersion: 2
      time: 0
      value: 0
      inSlope: 0
      outSlope: 0
      tangentMode: 0
    m_PreInfinity: 2
    m_PostInfinity: 2
    m_RotationOrder: 0
  reverbZoneMixCustomCurve:
    serializedVersion: 2
    m_Curve:
    - serializedVersion: 2
      time: 0
      value: 1
      inSlope: 0
      outSlope: 0
      tangentMode: 0
    m_PreInfinity: 2
    m_PostInfinity: 2
    m_RotationOrder: 0
--- !u!21 &1833870303
Material:
  serializedVersion: 6
  m_ObjectHideFlags: 0
  m_PrefabParentObject: {fileID: 0}
  m_PrefabInternal: {fileID: 0}
  m_Name: Enviro/Effects/LightShafts
  m_Shader: {fileID: 4800000, guid: 61cff5ff2f842b84cb138276a62064f6, type: 3}
  m_ShaderKeywords: 
  m_LightmapFlags: 5
  m_CustomRenderQueue: -1
  stringTagMap: {}
  m_SavedProperties:
    serializedVersion: 2
    m_TexEnvs:
    - first:
        name: _ColorBuffer
      second:
        m_Texture: {fileID: 0}
        m_Scale: {x: 1, y: 1}
        m_Offset: {x: 0, y: 0}
    - first:
        name: _MainTex
      second:
        m_Texture: {fileID: 0}
        m_Scale: {x: 1, y: 1}
        m_Offset: {x: 0, y: 0}
    - first:
        name: _Skybox
      second:
        m_Texture: {fileID: 0}
        m_Scale: {x: 1, y: 1}
        m_Offset: {x: 0, y: 0}
    m_Floats: []
    m_Colors: []
--- !u!1 &1917808120
GameObject:
  m_ObjectHideFlags: 0
  m_PrefabParentObject: {fileID: 0}
  m_PrefabInternal: {fileID: 0}
  serializedVersion: 5
  m_Component:
  - component: {fileID: 1917808122}
  - component: {fileID: 1917808121}
  m_Layer: 0
  m_Name: WeatherZone2
  m_TagString: Untagged
  m_Icon: {fileID: 0}
  m_NavMeshLayer: 0
  m_StaticEditorFlags: 0
  m_IsActive: 0
--- !u!114 &1917808121
MonoBehaviour:
  m_ObjectHideFlags: 0
  m_PrefabParentObject: {fileID: 0}
  m_PrefabInternal: {fileID: 0}
  m_GameObject: {fileID: 1917808120}
  m_Enabled: 1
  m_EditorHideFlags: 0
  m_Script: {fileID: 11500000, guid: 035d386ab8da70441b712f8b82913dbb, type: 3}
  m_Name: 
  m_EditorClassIdentifier: 
  zoneName: Rain
  ExitToDefault: 1
  zoneWeather: []
  curPossibleZoneWeather: []
  zoneWeatherPresets:
  - {fileID: 11400000, guid: 42e49e2754d7128429d41c49a27e16af, type: 2}
  updateMode: 0
  WeatherUpdateIntervall: 6
  zoneScale: {x: 50, y: 10, z: 50}
  zoneGizmoColor: {r: 0.3455882, g: 1, b: 0.6208926, a: 0.484}
  currentActiveZoneWeatherPrefab: {fileID: 0}
  currentActiveZoneWeatherPreset: {fileID: 0}
  lastActiveZoneWeatherPrefab: {fileID: 0}
  lastActiveZoneWeatherPreset: {fileID: 0}
--- !u!4 &1917808122
Transform:
  m_ObjectHideFlags: 0
  m_PrefabParentObject: {fileID: 0}
  m_PrefabInternal: {fileID: 0}
  m_GameObject: {fileID: 1917808120}
  m_LocalRotation: {x: 0, y: 0, z: 0, w: 1}
  m_LocalPosition: {x: -25.2, y: 3.95, z: -24.8}
  m_LocalScale: {x: 1, y: 1, z: 1}
  m_Children: []
  m_Father: {fileID: 0}
  m_RootOrder: 5
  m_LocalEulerAnglesHint: {x: 0, y: 0, z: 0}
--- !u!4 &1946623716 stripped
Transform:
  m_PrefabParentObject: {fileID: 4000012110332178, guid: 9d3370edc4a7463459f45975fadf905a,
    type: 2}
  m_PrefabInternal: {fileID: 392237401}
--- !u!1 &1952882192
GameObject:
  m_ObjectHideFlags: 0
  m_PrefabParentObject: {fileID: 0}
  m_PrefabInternal: {fileID: 0}
  serializedVersion: 5
  m_Component:
  - component: {fileID: 1952882196}
  - component: {fileID: 1952882195}
  - component: {fileID: 1952882194}
  - component: {fileID: 1952882193}
  - component: {fileID: 1952882197}
  - component: {fileID: 1952882198}
  m_Layer: 0
  m_Name: Plane
  m_TagString: Untagged
  m_Icon: {fileID: 0}
  m_NavMeshLayer: 0
  m_StaticEditorFlags: 4294967295
  m_IsActive: 1
--- !u!23 &1952882193
MeshRenderer:
  m_ObjectHideFlags: 0
  m_PrefabParentObject: {fileID: 0}
  m_PrefabInternal: {fileID: 0}
  m_GameObject: {fileID: 1952882192}
  m_Enabled: 1
  m_CastShadows: 1
  m_ReceiveShadows: 1
  m_MotionVectors: 1
  m_LightProbeUsage: 1
  m_ReflectionProbeUsage: 1
  m_Materials:
  - {fileID: 2100000, guid: 362ec58e33918ca449f62bc09237eb91, type: 2}
  m_StaticBatchInfo:
    firstSubMesh: 0
    subMeshCount: 0
  m_StaticBatchRoot: {fileID: 0}
  m_ProbeAnchor: {fileID: 0}
  m_LightProbeVolumeOverride: {fileID: 0}
  m_ScaleInLightmap: 1
  m_PreserveUVs: 1
  m_IgnoreNormalsForChartDetection: 0
  m_ImportantGI: 0
  m_SelectedEditorRenderState: 3
  m_MinimumChartSize: 4
  m_AutoUVMaxDistance: 0.5
  m_AutoUVMaxAngle: 89
  m_LightmapParameters: {fileID: 0}
  m_SortingLayerID: 0
  m_SortingOrder: 0
--- !u!64 &1952882194
MeshCollider:
  m_ObjectHideFlags: 0
  m_PrefabParentObject: {fileID: 0}
  m_PrefabInternal: {fileID: 0}
  m_GameObject: {fileID: 1952882192}
  m_Material: {fileID: 0}
  m_IsTrigger: 0
  m_Enabled: 1
  serializedVersion: 2
  m_Convex: 0
  m_InflateMesh: 0
  m_SkinWidth: 0.01
  m_Mesh: {fileID: 10209, guid: 0000000000000000e000000000000000, type: 0}
--- !u!33 &1952882195
MeshFilter:
  m_ObjectHideFlags: 0
  m_PrefabParentObject: {fileID: 0}
  m_PrefabInternal: {fileID: 0}
  m_GameObject: {fileID: 1952882192}
  m_Mesh: {fileID: 10209, guid: 0000000000000000e000000000000000, type: 0}
--- !u!4 &1952882196
Transform:
  m_ObjectHideFlags: 0
  m_PrefabParentObject: {fileID: 0}
  m_PrefabInternal: {fileID: 0}
  m_GameObject: {fileID: 1952882192}
  m_LocalRotation: {x: 0.7071068, y: 0, z: 0, w: 0.7071067}
  m_LocalPosition: {x: -10.78811, y: 0.1, z: -48.38}
  m_LocalScale: {x: 10, y: 1, z: 0.5}
  m_Children: []
  m_Father: {fileID: 1360959884}
  m_RootOrder: 0
  m_LocalEulerAnglesHint: {x: 89.980194, y: 0, z: 0}
--- !u!114 &1952882197
MonoBehaviour:
  m_ObjectHideFlags: 0
  m_PrefabParentObject: {fileID: 0}
  m_PrefabInternal: {fileID: 0}
  m_GameObject: {fileID: 1952882192}
  m_Enabled: 1
  m_EditorHideFlags: 0
  m_Script: {fileID: 11500000, guid: 8c9113d9fa48c7c429bb9cff0aae17e6, type: 3}
  m_Name: 
  m_EditorClassIdentifier: 
  SpringMaterial: {fileID: 2100000, guid: 438bf96233020ed4e894dff942653031, type: 2}
  SummerMaterial: {fileID: 2100000, guid: 438bf96233020ed4e894dff942653031, type: 2}
  AutumnMaterial: {fileID: 2100000, guid: b0c6dc6d96d53274bb1a3f1f09ee0437, type: 2}
  WinterMaterial: {fileID: 2100000, guid: 362ec58e33918ca449f62bc09237eb91, type: 2}
--- !u!114 &1952882198
MonoBehaviour:
  m_ObjectHideFlags: 0
  m_PrefabParentObject: {fileID: 0}
  m_PrefabInternal: {fileID: 0}
  m_GameObject: {fileID: 1952882192}
  m_Enabled: 1
  m_EditorHideFlags: 0
  m_Script: {fileID: 11500000, guid: 165475b02beb5684cb9a61d697e50f04, type: 3}
  m_Name: 
  m_EditorClassIdentifier: 
  isRaining: 0
  mRenderer: {fileID: 1952882193}
  useRipples: 0
  RippleFrames: []
  RippleAnimationSpeed: 30
  useWaveAnimation: 1
  waveSpeed: {x: 0, y: 0.1}
--- !u!1 &1975387659
GameObject:
  m_ObjectHideFlags: 0
  m_PrefabParentObject: {fileID: 0}
  m_PrefabInternal: {fileID: 0}
  serializedVersion: 5
  m_Component:
  - component: {fileID: 1975387661}
  - component: {fileID: 1975387660}
  m_Layer: 0
  m_Name: Testing
  m_TagString: Untagged
  m_Icon: {fileID: 0}
  m_NavMeshLayer: 0
  m_StaticEditorFlags: 0
  m_IsActive: 1
--- !u!114 &1975387660
MonoBehaviour:
  m_ObjectHideFlags: 0
  m_PrefabParentObject: {fileID: 0}
  m_PrefabInternal: {fileID: 0}
  m_GameObject: {fileID: 1975387659}
  m_Enabled: 1
  m_EditorHideFlags: 0
  m_Script: {fileID: 11500000, guid: 07f770e87918f9641b5196575feff2c2, type: 3}
  m_Name: 
  m_EditorClassIdentifier: 
--- !u!4 &1975387661
Transform:
  m_ObjectHideFlags: 0
  m_PrefabParentObject: {fileID: 0}
  m_PrefabInternal: {fileID: 0}
  m_GameObject: {fileID: 1975387659}
  m_LocalRotation: {x: 0, y: 0, z: 0, w: 1}
  m_LocalPosition: {x: -1.5364075, y: 0.31259322, z: -2.0716515}
  m_LocalScale: {x: 1, y: 1, z: 1}
  m_Children: []
  m_Father: {fileID: 0}
  m_RootOrder: 3
  m_LocalEulerAnglesHint: {x: 0, y: 0, z: 0}
--- !u!1 &1988505574
GameObject:
  m_ObjectHideFlags: 0
  m_PrefabParentObject: {fileID: 0}
  m_PrefabInternal: {fileID: 0}
  serializedVersion: 5
  m_Component:
  - component: {fileID: 1988505575}
  - component: {fileID: 1988505578}
  - component: {fileID: 1988505577}
  - component: {fileID: 1988505576}
  m_Layer: 0
  m_Name: Cube (6)
  m_TagString: Untagged
  m_Icon: {fileID: 0}
  m_NavMeshLayer: 0
  m_StaticEditorFlags: 0
  m_IsActive: 1
--- !u!4 &1988505575
Transform:
  m_ObjectHideFlags: 0
  m_PrefabParentObject: {fileID: 0}
  m_PrefabInternal: {fileID: 0}
  m_GameObject: {fileID: 1988505574}
  m_LocalRotation: {x: -0, y: -0, z: -0, w: 1}
  m_LocalPosition: {x: -11.66, y: 8.36, z: 2.52}
  m_LocalScale: {x: 3, y: 22, z: 3}
  m_Children: []
  m_Father: {fileID: 1308842189}
  m_RootOrder: 2
  m_LocalEulerAnglesHint: {x: 0, y: 0, z: 0}
--- !u!23 &1988505576
MeshRenderer:
  m_ObjectHideFlags: 0
  m_PrefabParentObject: {fileID: 0}
  m_PrefabInternal: {fileID: 0}
  m_GameObject: {fileID: 1988505574}
  m_Enabled: 1
  m_CastShadows: 1
  m_ReceiveShadows: 1
  m_MotionVectors: 1
  m_LightProbeUsage: 1
  m_ReflectionProbeUsage: 1
  m_Materials:
  - {fileID: 10303, guid: 0000000000000000f000000000000000, type: 0}
  m_StaticBatchInfo:
    firstSubMesh: 0
    subMeshCount: 0
  m_StaticBatchRoot: {fileID: 0}
  m_ProbeAnchor: {fileID: 0}
  m_LightProbeVolumeOverride: {fileID: 0}
  m_ScaleInLightmap: 1
  m_PreserveUVs: 1
  m_IgnoreNormalsForChartDetection: 0
  m_ImportantGI: 0
  m_SelectedEditorRenderState: 3
  m_MinimumChartSize: 4
  m_AutoUVMaxDistance: 0.5
  m_AutoUVMaxAngle: 89
  m_LightmapParameters: {fileID: 0}
  m_SortingLayerID: 0
  m_SortingOrder: 0
--- !u!65 &1988505577
BoxCollider:
  m_ObjectHideFlags: 0
  m_PrefabParentObject: {fileID: 0}
  m_PrefabInternal: {fileID: 0}
  m_GameObject: {fileID: 1988505574}
  m_Material: {fileID: 0}
  m_IsTrigger: 0
  m_Enabled: 1
  serializedVersion: 2
  m_Size: {x: 1, y: 1, z: 1}
  m_Center: {x: 0, y: 0, z: 0}
--- !u!33 &1988505578
MeshFilter:
  m_ObjectHideFlags: 0
  m_PrefabParentObject: {fileID: 0}
  m_PrefabInternal: {fileID: 0}
  m_GameObject: {fileID: 1988505574}
  m_Mesh: {fileID: 10202, guid: 0000000000000000e000000000000000, type: 0}
--- !u!1 &2029688905
GameObject:
  m_ObjectHideFlags: 0
  m_PrefabParentObject: {fileID: 184846, guid: 519709257d0cba442b295759100ed59b, type: 2}
  m_PrefabInternal: {fileID: 0}
  serializedVersion: 5
  m_Component:
  - component: {fileID: 2029688906}
  - component: {fileID: 2029688908}
  - component: {fileID: 2029688907}
  m_Layer: 0
  m_Name: Reflection Probe
  m_TagString: Untagged
  m_Icon: {fileID: 0}
  m_NavMeshLayer: 0
  m_StaticEditorFlags: 0
  m_IsActive: 0
--- !u!4 &2029688906
Transform:
  m_ObjectHideFlags: 0
  m_PrefabParentObject: {fileID: 430394, guid: 519709257d0cba442b295759100ed59b, type: 2}
  m_PrefabInternal: {fileID: 0}
  m_GameObject: {fileID: 2029688905}
  m_LocalRotation: {x: 0, y: 0, z: 0, w: 1}
  m_LocalPosition: {x: 0, y: 0, z: 0}
  m_LocalScale: {x: 1, y: 1, z: 1}
  m_Children: []
  m_Father: {fileID: 1263471491}
  m_RootOrder: 0
  m_LocalEulerAnglesHint: {x: 0, y: 0, z: 0}
--- !u!114 &2029688907
MonoBehaviour:
  m_ObjectHideFlags: 0
  m_PrefabParentObject: {fileID: 11493438, guid: 519709257d0cba442b295759100ed59b,
    type: 2}
  m_PrefabInternal: {fileID: 0}
  m_GameObject: {fileID: 2029688905}
  m_Enabled: 0
  m_EditorHideFlags: 0
  m_Script: {fileID: 11500000, guid: c29db1d21d2df8249a963dc35b35b1ef, type: 3}
  m_Name: 
  m_EditorClassIdentifier: 
  probe: {fileID: 2029688908}
  ReflectionUpdateInGameHours: 0.01
--- !u!215 &2029688908
ReflectionProbe:
  m_ObjectHideFlags: 0
  m_PrefabParentObject: {fileID: 21519308, guid: 519709257d0cba442b295759100ed59b,
    type: 2}
  m_PrefabInternal: {fileID: 0}
  m_GameObject: {fileID: 2029688905}
  m_Enabled: 0
  serializedVersion: 2
  m_Type: 0
  m_Mode: 1
  m_RefreshMode: 1
  m_TimeSlicingMode: 1
  m_Resolution: 512
  m_UpdateFrequency: 0
  m_BoxSize: {x: 100, y: 100, z: 100}
  m_BoxOffset: {x: 0, y: 0, z: 0}
  m_NearClip: 0.1
  m_FarClip: 1000
  m_ShadowDistance: 100
  m_ClearFlags: 1
  m_BackGroundColor: {r: 1, g: 1, b: 1, a: 1}
  m_CullingMask:
    serializedVersion: 2
    m_Bits: 4294967279
  m_IntensityMultiplier: 0.25
  m_BlendDistance: 1
  m_HDR: 1
  m_BoxProjection: 1
  m_RenderDynamicObjects: 0
  m_UseOcclusionCulling: 1
  m_Importance: 1
  m_CustomBakedTexture: {fileID: 0}
--- !u!1 &2055397246
GameObject:
  m_ObjectHideFlags: 0
  m_PrefabParentObject: {fileID: 0}
  m_PrefabInternal: {fileID: 0}
  serializedVersion: 5
  m_Component:
  - component: {fileID: 2055397250}
  - component: {fileID: 2055397249}
  - component: {fileID: 2055397248}
  - component: {fileID: 2055397247}
  - component: {fileID: 2055397251}
  - component: {fileID: 2055397252}
  m_Layer: 0
  m_Name: Plane
  m_TagString: Untagged
  m_Icon: {fileID: 0}
  m_NavMeshLayer: 0
  m_StaticEditorFlags: 4294967295
  m_IsActive: 1
--- !u!23 &2055397247
MeshRenderer:
  m_ObjectHideFlags: 0
  m_PrefabParentObject: {fileID: 0}
  m_PrefabInternal: {fileID: 0}
  m_GameObject: {fileID: 2055397246}
  m_Enabled: 1
  m_CastShadows: 1
  m_ReceiveShadows: 1
  m_MotionVectors: 1
  m_LightProbeUsage: 1
  m_ReflectionProbeUsage: 1
  m_Materials:
  - {fileID: 2100000, guid: 438bf96233020ed4e894dff942653031, type: 2}
  m_StaticBatchInfo:
    firstSubMesh: 0
    subMeshCount: 0
  m_StaticBatchRoot: {fileID: 0}
  m_ProbeAnchor: {fileID: 0}
  m_LightProbeVolumeOverride: {fileID: 0}
  m_ScaleInLightmap: 1
  m_PreserveUVs: 1
  m_IgnoreNormalsForChartDetection: 0
  m_ImportantGI: 0
  m_SelectedEditorRenderState: 3
  m_MinimumChartSize: 4
  m_AutoUVMaxDistance: 0.5
  m_AutoUVMaxAngle: 89
  m_LightmapParameters: {fileID: 0}
  m_SortingLayerID: 0
  m_SortingOrder: 0
--- !u!64 &2055397248
MeshCollider:
  m_ObjectHideFlags: 0
  m_PrefabParentObject: {fileID: 0}
  m_PrefabInternal: {fileID: 0}
  m_GameObject: {fileID: 2055397246}
  m_Material: {fileID: 0}
  m_IsTrigger: 0
  m_Enabled: 1
  serializedVersion: 2
  m_Convex: 0
  m_InflateMesh: 0
  m_SkinWidth: 0.01
  m_Mesh: {fileID: 10209, guid: 0000000000000000e000000000000000, type: 0}
--- !u!33 &2055397249
MeshFilter:
  m_ObjectHideFlags: 0
  m_PrefabParentObject: {fileID: 0}
  m_PrefabInternal: {fileID: 0}
  m_GameObject: {fileID: 2055397246}
  m_Mesh: {fileID: 10209, guid: 0000000000000000e000000000000000, type: 0}
--- !u!4 &2055397250
Transform:
  m_ObjectHideFlags: 0
  m_PrefabParentObject: {fileID: 0}
  m_PrefabInternal: {fileID: 0}
  m_GameObject: {fileID: 2055397246}
  m_LocalRotation: {x: 0.5, y: 0.5, z: -0.5000001, w: 0.49999994}
  m_LocalPosition: {x: -60.63, y: 0.14, z: 1.49}
  m_LocalScale: {x: 10, y: 1, z: 0.5}
  m_Children: []
  m_Father: {fileID: 1360959884}
  m_RootOrder: 2
  m_LocalEulerAnglesHint: {x: 90, y: 90, z: 0}
--- !u!114 &2055397251
MonoBehaviour:
  m_ObjectHideFlags: 0
  m_PrefabParentObject: {fileID: 0}
  m_PrefabInternal: {fileID: 0}
  m_GameObject: {fileID: 2055397246}
  m_Enabled: 1
  m_EditorHideFlags: 0
  m_Script: {fileID: 11500000, guid: 8c9113d9fa48c7c429bb9cff0aae17e6, type: 3}
  m_Name: 
  m_EditorClassIdentifier: 
  SpringMaterial: {fileID: 2100000, guid: 438bf96233020ed4e894dff942653031, type: 2}
  SummerMaterial: {fileID: 2100000, guid: 438bf96233020ed4e894dff942653031, type: 2}
  AutumnMaterial: {fileID: 2100000, guid: b0c6dc6d96d53274bb1a3f1f09ee0437, type: 2}
  WinterMaterial: {fileID: 2100000, guid: 362ec58e33918ca449f62bc09237eb91, type: 2}
--- !u!114 &2055397252
MonoBehaviour:
  m_ObjectHideFlags: 0
  m_PrefabParentObject: {fileID: 0}
  m_PrefabInternal: {fileID: 0}
  m_GameObject: {fileID: 2055397246}
  m_Enabled: 1
  m_EditorHideFlags: 0
  m_Script: {fileID: 11500000, guid: 165475b02beb5684cb9a61d697e50f04, type: 3}
  m_Name: 
  m_EditorClassIdentifier: 
  isRaining: 0
  mRenderer: {fileID: 2055397247}
  useRipples: 0
  RippleFrames: []
  RippleAnimationSpeed: 30
  useWaveAnimation: 1
  waveSpeed: {x: 0, y: 0.1}
--- !u!21 &2079750175
Material:
  serializedVersion: 6
  m_ObjectHideFlags: 0
  m_PrefabParentObject: {fileID: 0}
  m_PrefabInternal: {fileID: 0}
  m_Name: Enviro/Effects/ClearLightShafts
  m_Shader: {fileID: 4800000, guid: 0408b30ac8046be4a9d860508e546f6f, type: 3}
  m_ShaderKeywords: 
  m_LightmapFlags: 5
  m_CustomRenderQueue: -1
  stringTagMap: {}
  m_SavedProperties:
    serializedVersion: 2
    m_TexEnvs:
    - first:
        name: _MainTex
      second:
        m_Texture: {fileID: 0}
        m_Scale: {x: 1, y: 1}
        m_Offset: {x: 0, y: 0}
    m_Floats: []
    m_Colors: []
